2626 4432
200 1244 390 1290 Iynatius
416 1245 474 1280 M.

132 2188 475 2284 ἔξῇἒὶἶῖιηαὲἑῖἷῗ
492 2224 587 2288 biS,
622 2228 911 2290 propterea
945 2223 1212 2275 anteverti
1244 2238 1342 2275 vos
1371 2222 1678 2290 admonere,
1718 2229 1772 2275 ut
1797 2223 2049 2275 uniamini
2081 2224 2133 2274 in

244 2291 372 2327 salus

1352 171 1706 227 -58,

502 342 778 411 publicam.
856 337 1048 389 Omnes
1087 348 1218 384 vero
1258 335 1478 393 norunt,
1530 330 1634 380 huc
1671 326 1944 394 pertinere
1983 340 2164 375 eorum
2204 325 2565 391 magisterium

501 451 565 487 ac
603 433 866 498 regimen,
923 442 1054 494 quos
1094 424 1326 492 Spiritus
1365 427 1580 473 sanctus
1619 419 1799 486 posuit
1832 414 1850 447 ¹
1889 434 2083 484 regere
2132 418 2414 470 ecclesiam
2452 417 2566 486 Dei,

501 527 691 592 quique
738 520 1127 588 interpellatam
1177 530 1455 580 numquam
1498 512 1690 563 seriem
1740 510 2242 576 successionemque
2288 509 2584 564 doctorum·

499 624 876 684 pastorumque
906 608 927 641 ²
978 609 1240 662 ecclesiae
1290 606 1528 658 efficiunt
1581 611 1742 670 atque
1789 602 2127 655 constituunt.
2177 601 2390 680 sNeque
2428 602 2567 677 enim

498 726 595 776 per
634 708 767 758 alios
816 704 1106 756 animorum
1161 707 1215 751 et
1255 699 1547 764 labiorum,
1601 698 1933 748 voluntatum
1974 709 2038 746 ac
2078 695 2264 746 virium
2303 698 2451 746 tanta
2487 700 2568 747 tot

496 799 759 861 hominum
796 794 1031 846 varietas
1069 808 1169 860 per
1205 791 1443 857 singulas
1479 795 1685 841 aetates
1725 789 1792 840 ad
1847 789 2091 840 unionem
2131 786 2566 853 harmoniamque

495 889 785 950 sentiendi,
838 885 1086 953 loquendi
1134 883 1435 951 agendique
1492 889 1805 947 revocatur,
1857 897 2012 949 quam
2063 897 2162 949 per
2212 879 2567 932 succedentes

495 983 595 1036 sibi
632 982 829 1050 jugiter
860 980 1160 1047 episcopos,

638 1135 897 1202 lusignius
951 1133 1172 1186 adhoc
1225 1135 1679 1201 comprobandum
1731 1135 1912 1186 afferri
1959 1134 2089 1186 nihil
2142 1139 2353 1201 potest,
2409 1148 2567 1200 quam

494 1229 634 1297 quod
674 1229 861 1296 quavis
901 1227 1130 1294 epistola
1168 1226 1329 1279 docet
1368 1243 1408 1278 s.
1448 1228 1520 1280 M.
1558 1227 1823 1295 Ignatius:
1878 1227 2007 1279 satis
2046 1226 2205 1278 modo
2245 1227 2381 1278 haec
2411 1223 2432 1257 ³
2463 1226 2569 1277 sint

493 1339 561 1374 ex
599 1322 714 1390 ejus
755 1320 821 1371 ad
860 1319 1124 1387 Ephesios
1164 1321 1419 1387 epistola:
1478 1321 1680 1389 „Decet
1730 1323 1910 1388 itaque
1960 1335 2058 1372 vos
2109 1320 2348 1371 omnihus
2397 1317 2567 1370 modis

494 1414 800 1483 glorificare
841 1413 1024 1465 Jesum
1067 1412 1335 1464 Christum
1377 1413 1464 1480 qui
1505 1413 1831 1481 glorificavit
1880 1429 2007 1480 voS,
2062 1418 2119 1464 ut
2168 1412 2222 1463 in
2260 1410 2566 1465 obedientia

491 1525 596 1560 una
635 1507 748 1559 sitis
787 1506 1015 1574 perfecti
1070 1505 1257 1557 eadem
1311 1512 1487 1557 mente
1539 1506 1835 1573 eademque
1866 1505 2134 1558 *sententia
2185 1502 2433 1570 idemque
2483 1500 2565 1553 di-

491 1601 623 1653 catis
683 1599 750 1651 de
806 1597 994 1650 eodem
1036 1613 1235 1664 omneS,
1284 1606 1341 1650 ut
1390 1598 1622 1667 subjecti
1670 1600 1930 1667 episcopo
1995 1604 2049 1650 et
2087 1595 2430 1666 presbyterio
2469 1612 2568 1663 per

493 1690 666 1743 omnia
703 1689 1018 1742 sanctificati
1054 1690 1220 1757 sitis„
1298 1690 1393 1741 His
1445 1690 1621 1743 autein
1660 1690 1940 1742 evidenter
1985 1690 2229 1758 Ignatius
2260 1703 2366 1746 non
2404 1687 2566 1741 modo

493 1783 615 1835 fidei
665 1782 1159 1850 conjunctionisque
1209 1784 1421 1836 socialis
1470 1784 1878 1850 necessitatem,
1938 1784 2035 1835 sed
2083 1783 2360 1849 utriusque
2405 1781 2566 1834 etiam

490 1878 689 1929 fontem
728 1877 886 1928 docet
916 1882 1074 1942 atque
1112 1877 1455 1945 principium:
1509 1878 1754 1930 nimirum
1806 1877 2178 1946 magisterium*
2221 1893 2286 1930 ac
2326 1873 2565 1945 regimen

493 1971 733 2039 episcopi
772 1971 957 2037 suique
985 1972 1326 2039 presbyterii.
2164 1980 2170 1982 s

635 2129 770 2182 Hinc
795 2127 818 2160 ⁴
857 2131 1065 2198 pergit:
1117 2128 1226 2198 „At
1265 2146 1422 2197 quum
1461 2129 1659 2182 caritas
1696 2144 1804 2182 non
1843 2130 1982 2180 sinat
2015 2145 2098 2182 me
2139 2135 2159 2182 t
2289 2146 2320 2182 e
2361 2129 2428 2182 de
2467 2145 2564 2183 vo-

2161 2146 2425 2276 Zffientia
2449 2223 2562 2281 Dei.

491 2314 697 2366 Etenim
733 2313 894 2366 Jesus
934 2314 1179 2367 Christus
1220 2316 1596 2384 inseparabilis
1647 2325 1832 2371 nostra
1882 2319 2019 2384 vita,
2052 2318 2342 2371 sententia
2391 2318 2566 2387 Patris

491 2415 596 2474 est,
635 2410 708 2461 ita
747 2416 800 2460 et
838 2410 1079 2478 episcopi
1118 2427 1216 2478 per
1256 2417 1457 2464 tractus
1497 2418 1676 2464 terrae
1729 2413 2002 2484 constituti
2040 2413 2092 2466 in
2130 2413 2396 2466 sententia
2431 2410 2599 2468 Jesu.

490 2500 683 2553 Christi
723 2509 892 2569 sunt„
972 2503 1424 2566 Quemadmodum
1474 2520 1607 2572 ergo
1659 2521 1777 2559 cum
1827 2505 2003 2558 Patris
2046 2506 2253 2557 aeterni
2297 2496 2564 2558 sententia

490 2595 738 2646 convenit
774 2593 971 2647 Christi
1030 2597 1299 2661 doctrina,
1354 2599 1430 2650 ita
1475 2614 1593 2651 cum
1642 2598 1841 2651 Christi
1893 2598 2138 2652 doctrina
2186 2598 2564 2666 episcoporum

490 2687 818 2753 praedicatio
858 2690 1141 2756 cohaeret,
1183 2693 1273 2757 qui
1311 2697 1601 2760 propterea
1640 2709 1740 2761 per
1777 2693 1961 2744 orbem
2002 2691 2272 2744 constituti
2309 2695 2458 2760 sunt,
2500 2687 2561 2743 ut

491 2779 707 2830 salutari
765 2781 950 2832 eadem
1012 2785 1238 2836 veritate
1300 2801 1483 2838 omnes
1544 2787 1860 2839 imbuantur.
1934 2785 2065 2836 Post
2105 2801 2242 2851 quae
2270 2781 2292 2813 ⁵
2330 2783 2559 2850 colligit:

610 3005 624 3032 ¹
655 3005 754 3062 Act.
786 3006 883 3050 XX.
915 3008 983 3050 28.

605 3078 620 3104 ²
652 3077 815 3134 Ephes.
848 3081 921 3124 lV.
958 3083 1023 3123 11.

609 3150 627 3179 ³
655 3151 710 3194 N.
744 3154 786 3196 2.
846 3156 1030 3215 Πρέπον
1061 3150 1139 3201 οὖν
1169 3158 1265 3201 έστι
1294 3157 1410 3203 κατὰ
1438 3157 1587 3204 πάντα
1618 3157 1789 3219 τρόπον
1821 3157 2024 3213 δοξάζειν
2055 3157 2220 3216 Ἰησοῦν
2250 3157 2453 3219 Χριστὸν
2482 3157 2559 3204 τὸν

491 3220 747 3275 δοξάσαντα
777 3223 896 3283 ὑμᾶς
927 3228 996 3271 ἵνα
1028 3228 1072 3272 ἐν
1102 3232 1188 3286 μιᾷ
1213 3228 1419 3291 ὑποταγῇ
1449 3225 1522 3290 ἦτε
1546 3234 1885 3293 κατηρτισμένοι
1915 3230 1976 3289 τῷ
2008 3228 2128 3288 αὐτῷ
2157 3235 2229 3275 νοΐ
2256 3234 2330 3275 καὶ
2363 3230 2416 3290 τῇ
2447 3227 2562 3290 αὐτῇ

491 3292 666 3354 γνώμῃ,
707 3299 780 3340 καὶ
820 3297 870 3342 τὸ
911 3297 1020 3345 αὐτὸ
1064 3303 1212 3359 λέγητε
1260 3303 1424 3356 πάντες
1464 3308 1569 3367 περὶ
1614 3305 1694 3350 τοῦ
1749 3303 1910 3360 αὐτοῦ,
1964 3306 2036 3349 ἵνα
2085 3303 2449 3364 ὑποτασσόμενοι
2496 3303 2559 3362 τῷ

491 3366 720 3426 ἐπισκόπῳ
753 3372 827 3413 καὶ
856 3369 917 3429 τῷ
945 3374 1251 3436 πρεσβυτερίῳ
1282 3376 1396 3421 κατὰ
1426 3379 1576 3423 πάντα
1606 3394 1681 3436 ητε
1711 3376 1989 3437 ἡγιασμένοι.

605 3440 1161 3491 411),ῃ,3.’ᾼλλ’ἐπεὶ
1202 3445 1228 3505 ἡ
1269 3446 1423 3508 ἀγάπη
1463 3448 1544 3496 οὐκ
1584 3451 1641 3509 έοῖ
1675 3467 1734 3510 με
1766 3450 1944 3509 σιωπᾷν
1982 3454 2085 3512 περὶ
2115 3448 2262 3510 ὑμῶν,
2306 3450 2385 3496 διὰ
2426 3454 2555 3497 τοῦτο

492 3513 742 3573 προέλαβον
781 3518 1055 3577 παρακαλεῖν
1095 3520 1216 3579 ὑμᾶς
1258 3521 1382 3574 ὅπως
1428 3526 1694 3586 συντρέχητε
1734 3524 1786 3585 τῇ
1824 3523 1979 3584 γνώμη
2018 3528 2101 3569 τοῦ
2137 3527 2265 3569 θεον.
2331 3526 2424 3568 Καὶ
2464 3523 2555 3585 γὰρ

491 3581 658 3641 Ἰησοῦς
687 3586 889 3647 Χριστὸς
918 3590 968 3634 τὸ
1000 3588 1257 3653 ἀδιάκριτον
1289 3594 1414 3653 ἡμῶν
1446 3598 1541 3656 ζῇν,
1572 3600 1654 3642 τοῦ
1682 3595 1866 3658 Πατρὸς
1897 3594 1923 3654 ἡ
1954 3596 2120 3680 γνώμη,
2153 3596 2216 3648 οἷς
2248 3600 2322 3641 καὶ
2353 3599 2397 3642 οἱ
2427 3597 2554 3642 ἐπίσ-

491 3674 650 3714 κοποι,
681 3661 725 3704 οἱ
754 3660 867 3704 κατὰ
897 3661 952 3705 τὰ
984 3665 1157 3723 πέρατα
1188 3665 1452 3753 ὁρισθέντες
1484 3668 1530 3737 ἐν
1560 3666 1702 3725 Ἰησοῦ
1727 3675 1935 3730 Χριστοῦ
1962 3668 2117 3729 γνώμῃ
2149 3673 2272 3713 εἰσίν.

610 3731 629 3759 ⁵
658 3731 712 3775 N.
745 3734 786 3776 4.
840 3732 980 3792 Ὀθεν
1010 3739 1171 3796 πρέπει
1207 3738 1311 3797 υμῖν
1354 3743 1613 3802 συντρέχειν
1643 3744 1696 3800 τῆ
1725 3750 1808 3787 τοῦ
1842 3742 2095 3788 επισκόπου
2135 3739 2290 3801 γνώμη
2330 3738 2442 3801 ὅπερ
2481 3743 2556 3784 καὶ

493 3809 665 3848 ποιεῖτε.
730 3804 789 3850 Τὸ
820 3824 910 3867 γαρ
943 3804 1269 3867 αξιονόμαστον
1298 3812 1426 3871 υμῶν
1454 3815 1775 3876 πρεσβυτέριον
1804 3818 1888 3859 τοῦ
1914 3817 2036 3859 θεοῦ
2060 3811 2189 3866 αξιον
2220 3811 2362 3862 οὕτως
2393 3810 2554 3872 συνήρ-

492 3891 658 3931 μοσται
696 3877 757 3936 τῷ
794 3878 1025 3938 έπισκόπῳ
1061 3902 1119 3935 ως
1158 3886 1325 3946 χορδαὶ
1363 3886 1557 3949 κιθάρᾳ.
1619 3887 1702 3932 Διὰ
1743 3894 1870 3939 τοῦτο
1907 3888 1952 3931 ἐν
1997 3890 2052 3946 τῆ
2083 3885 2274 3945 ὁμονοίᾳ
2313 3883 2436 3945 ὑμῶν
2481 3889 2555 3930 καὶ

495 3948 719 4008 συμφώνῳ
752 3951 905 4014 ἀγάπῃ
935 3955 1099 4013 Ἰησοῦς
1129 3958 1329 4019 Χριστὸς
1360 3958 1529 4018 ᾅδεται.
1591 3964 1685 4006 Καὶ
1715 3962 1758 4005 οἱ
1787 3957 1881 4004 κατ’
1915 3958 2060 4020 ἄνδρα
2101 3959 2150 4003 δὲ
2180 3958 2324 4020 χορὸς
2353 3962 2557 4019 γίνεσθε,
