2716 4446
492 311 735 374 defendit
789 316 925 372 haec
982 319 1241 389 spiritalis
1266 321 1309 391 1)
1388 331 1563 376 mater
1624 322 1795 376 vestri
1851 321 2283 394 tranquillissimi
2338 321 2566 397 imperii,

491 413 790 486 apostolica
829 411 1032 465 Christi
1071 413 1333 467 ecclesia:
1387 421 1665 486 quae'per
1702 415 1811 468 Dei
1848 416 2234 487 omnipotentis
2270 419 2500 488 gratiam
2521 418 2569 490 ⁹)

489 526 523 560 a
559 507 772 560 tramite
811 505 1142 577 apostolicae
1181 507 1486 585 traditionis
1525 526 1821 580 numquam
1860 527 2070 563 errasse
2096 495 2429 580 probabitur,
2466 529 2572 584 nec

486 601 778 654 haereticis
834 599 1171 653 novitatibus
1229 591 1531 672 depravata
1589 602 1902 657 succubuit:
1968 604 2064 657 sed
2119 611 2179 658 ut
2216 603 2286 657 ab
2345 604 2568 675 exordio

487 693 616 747 fidei
653 693 981 746 christianae
1020 696 1265 766 percepit
1321 695 1390 748 ab
1442 696 1752 750 auctoribus
1793 699 1905 750 suis
1943 697 2331 769 Apostolorum
2369 696 2572 752 Christi

486 786 823 858 principibus
860 785 1072 839 illibata
1108 788 1216 840 fine
1255 795 1413 842 tenus
1453 797 1750 860 permanet,
1793 790 2091 844 secundum
2128 791 2302 862 ipsius
2340 790 2567 844 Domini
2601 805 2610 814 ·

488 878 787 933 Salvatoris
838 878 1081 934 divinam
1136 880 1616 952 pollicitationem,
1681 901 1843 954 quam
1901 902 2119 939 suorum
2175 883 2566 954 discipulorum

485 973 724 1044 principi
762 973 818 1025 in
857 974 1027 1026 sacris
1065 974 1367 1045 evangeliis
1392 975 1438 1048 3)
1477 975 1619 1029 fatus
1658 983 1792 1044 est„
2582 956 2590 962 ⁸

660 1066 782 1121 240.
821 1066 976 1120 Haec
1014 1067 1258 1138 episcopi
1297 1068 1520 1124 orientis
1557 1067 1614 1121 in
1654 1070 2002 1122 oecumenico
2042 1070 2316 1123 coniuncti
2341 1069 2570 1134 concilio

487 1160 802 1227 audierunt,
861 1159 1162 1231 eademque
1219 1179 1328 1214 non
1386 1179 1544 1214 secus
1602 1179 1666 1213 ac
1721 1160 1960 1233 reliquas
1998 1158 2303 1233 Agathonis
2351 1152 2570 1218 normas

484 1252 830 1307 unanimibus
870 1255 1009 1307 votis
1048 1253 1319 1326 plenoque
1359 1256 1731 1309 consensionis
1759 1256 2014 1326 suffragio
2043 1263 2097 1309 et
2122 1255 2384 1329 obsequio
2421 1255 2570 1312 rece·

483 1354 695 1418 perunt.
769 1346 819 1398 E
858 1346 1055 1418 quibus
1094 1346 1281 1419 liquet,
1323 1366 1590 1419 quaenam
1646 1350 1703 1401 in
1754 1347 2121 1402 orientalibus*
2147 1350 2569 1423 ecclesiaepar-

484 1439 629 1494 tibus
657 1447 792 1521 ‘ante
830 1440 1148 1511 photianum
1196 1440 1433 1494 schisma
1472 1441 1539 1494 de
1578 1459 1832 1494 romanae
1872 1441 2136 1510 ecclesiae
2175 1445 2569 1515 praerogativis

182 1544 353 1578 Nicotaus
374 1545 408 1581 Ι.
484 1535 754 1587 sententia
805 1535 1104 1587 exstiterit:
1174 1533 1384 1588 scilicet
1429 1554 1538 1589 non
1589 1534 1698 1587 alia
1745 1554 1908 1605 quam
1959 1537 2212 1606 exposita
2259 1556 2293 1589 a
2341 1536 2568 1592 Nicolao

482 1628 675 1699 prim0‚
715 1628 882 1699 quum
920 1627 988 1680 de
1028 1628 1207 1680 causis
1247 1628 1357 1682 odii
1396 1636 1449 1681 et
1485 1627 1724 1682 invidiae
1751 1646 2069 1698 graecorum
2108 1629 2368 1683 adversus
2396 1630 2567 1684 eccle-

486 1724 623 1775 siam
660 1721 884 1775 latinam
908 1721 955 1792 4)
995 1721 1066 1774 ad
1094 1723 1381 1792 episcopos
1419 1723 1476 1775 in
1514 1741 1682 1792 regno
1710 1720 1891 1776 Caroli
1922 1723 2243 1776 constitutos
2270 1723 2562 1778 scriberet:

489 1815 785 1885 „Volentes
825 1816 1027 1887 quippe
1066 1816 1400 1887 nimiumque
1433 1811 1759 1870 'anhelantes
1798 1816 2018 1869 eosdem
2043 1815 2311 1887 Bulgaros
2349 1816 2568 1890 arsbeati

483 1909 634 1963 Petri
673 1903 1010 1962 subiectione
1051 1908 1354 1962 subducere
1374 1915 1414 1978 ‚'
1445 1927 1650 1980 suoque
1690 1900 1919 1979 imperio
1961 1908 2061 1962 sub
2099 1902 2390 1979 praetextu
2428 1909 2566 1970 chri-

485 2004 691 2056 stianae
729 2003 1010 2073 religionis
1050 2002 1253 2068 callide,
1286 2003 1602 2074 subiugare‚
1644 2003 1775 2056 talia
1812 2003 1879 2056 de
1918 2022 2144 2056 romana
2182 2003 2415 2064 ecclesia
2451 2021 2564 2056 non

217 1804 381 1847 Buzqart.

482 2096 718 2152 habente
758 2097 1029 2151 maculam
1069 2105 1162 2151 aut
1201 2116 1392 2167 rugam
1443 2104 1538 2149 aut
1586 2096 1795 2168 aliquid
1847 2096 2157 2169 huiusmodi
2194 2095 2560 2167 praedicant„
2612 2092 2618 2105 ³

482 2191 673 2262 Neque
699 2190 1049 2244 rursumralia
1075 2210 1236 2262 quam
1261 2190 1333 2244 ab
1361 2190 1550 2243 eodem
1571 2190 1615 2261 ⁵)
1642 2190 1958 2243 confirmata
1973 2188 2181 2260 ‘legitur
2204 2191 2262 2242 in
2285 2185 2563 2260 responsis
2638 2228 2645 2232 s

483 2284 554 2338 ad
593 2284 839 2363 consulta
863 2284 1251 2355 Bulgarorum:
1290 2284 1465 2354 „Nam
1505 2293 1560 2337 et
1598 2290 1786 2336 sancta
1821 2303 2044 2336 romana
2082 2283 2313 2337 ecclesia
2351 2301 2566 2354 semper

484 2379 599 2432 sine
637 2377 852 2432 macula
888 2378 990 2432 fuit
1028 2387 1082 2433 et
1121 2381 1237 2432 sine
1289 2396 1453 2450 ruga:
1511 2370 1778 2430 nimirum'
1817 2378 1945 2448 quia
1993 2376 2086 2431 ille
2142 2377 2284 2431 hanc
2311 2377 2562 2445 'instiuit‚

658 2655 691 2710 ¹)
725 2655 889 2698 Genuit
919 2656 1035 2696 enim
1065 2667 1145 2694 nos
1175 2667 1254 2707 per
1284 2666 1445 2707 aquam
1476 2653 1522 2693 in
1554 2652 1732 2706 Spiritu,
1765 2665 1850 2705 quo
1880 2652 2044 2705 pariter
2074 2665 2153 2692 nos
2183 2645 2261 2692 alit
2289 2665 2342 2692 ac
2369 2651 2503 2696 fovet.

658 2727 691 2781 2)
722 2728 821 2769 Hac
852 2728 1007 2781 gratia,
1039 2725 1093 2766 de
1126 2738 1213 2778 qua
1242 2725 1406 2778 pariter
1452 2723 1617 2771 studita
1660 2737 1713 2764 ac
1742 2724 2041 2777 trapezuntius
2071 2723 2286 2775 monachi,
2316 2724 2562 2765 continetur

480 2798 627 2854 ipsum
656 2799 983 2840 infallibilitatis
1015 2797 1247 2846 charisma,
1282 2795 1401 2849 quod
1430 2795 1487 2835 ad
1517 2795 1657 2835 Sancti
1689 2793 1877 2848 Spiritus
1907 2794 2207 2835 adsistentiam
2236 2799 2459 2838 revocant.

143 2865 444 2900 Romana-’alum
656 2870 691 2926 8)
724 2871 912 2924 Adlegat
953 2870 1072 2910 inico
1113 2868 1279 2909 ibidem
1311 2862 1420 2911 Luc.
1463 2867 1608 2910 xxn.
1651 2866 2030 2919 Quemadmodum
2066 2866 2228 2906 ibidem
2266 2880 2309 2919 p.
2341 2864 2467 2910 1130.
2505 2851 2562 2907 aid

203 2910 379 2949 formula.
481 2943 637 2988 Matth.
671 2943 789 2985 XVI.
821 2946 1033 2997 provocat
1063 2941 1279 2983 subdens:
1313 2941 1660 2995 „Evangelicam
1690 2944 1821 2993 atque
1852 2939 2136 2993 apostolicam
2167 2939 2433 2980 orthodoxae
2461 2937 2594 2981 fidei<

482 3016 801 3067 rectitudinem,
833 3029 946 3069 quae
976 3014 1266 3066 fundata-est
1303 3009 1435 3066 s'uper
1474 3010 1644 3052 firmam
1673 3015 1842 3065 petram
1872 3004 2001 3051 huius
2032 3011 2151 3051 beati
2181 3011 2301 3051 Petri
2329 3011 2560 3064 Apostolo-

482 3102 578 3130 rum
608 3089 824 3142 principis
857 3088 1088 3138 ecclesiae,
1119 3098 1231 3139 quae
1263 3085 1356 3125 eius
1388 3082 1530 3137 gratia
1559 3088 1693 3137 atque
1733 3083 1953 3137 praesidio
1984 3083 2039 3124 ab
2072 3084 2189 3124 omni
2219 3096 2365 3124 errore
2392 3082 2562 3134 illibata

481 3165 722 3214 permanet,
754 3162 895 3201 omnis
925 3159 1178 3214 praesulum
1209 3169 1414 3198 numerus
1445 3170 1498 3197 ac
1529 3155 1818 3207 sacerdotum,
1850 3155 1955 3196 cleri
1985 3169 2039 3196 ac
2056 3155 2316 3208 populorum
2346 3154 2559 3195 unanimi·

482 3237 549 3274 ter
578 3233 636 3274 ad
664 3233 930 3286 placendum
961 3233 1057 3273 Deo
1088 3231 1367 3282 animamque
1399 3228 1656 3269 salvandam
1686 3228 1883 3268 veritatis
1913 3227 2147 3268 formulam
2176 3226 2443 3279 apostolicae
2471 3229 2559 3267 tra-
2636 3222 2645 3229 “

483 3305 659 3346 ditionis
689 3305 918 3345 nobiscum
950 3302 1207 3344 confiteatur
1238 3305 1282 3342 et
1311 3300 1577 3354 praedicet.„
1626 3300 1793 3349 Quibus
1834 3299 2013 3341 tandem
2053 3298 2165 3340 haec
2193 3297 2298 3338 addi
2326 3301 2568 3349 merentur,

483 3390 596 3430 quae
626 3376 788 3417 ibidem
817 3391 860 3430 p.
894 3362 1021 3418 1118.
1069 3374 1123 3414 de
1170 3372 1412 3413 catholicae
1457 3375 1601 3425 atque·
1631 3370 1898 3424 apostolicae
1927 3383 2059 3412 verae
2088 3369 2191 3410 fidei
2219 3369 2383 3410 lumine
2412 3367 2560 3422 „quod

483 3461 538 3489 ex
566 3449 661 3489 veri
689 3448 865 3488 luminis
910 3447 1031 3487 fonte
1077 3449 1301 3497 tamquam
1347 3442 1401 3483 de
1446 3442 1762 3484 radio.vivifiei
1806 3441 2005 3494 fulgoris,
2049 3453 2127 3494 per
2155 3440 2377 3480 ministros
2406 3440 2559 3480 beatos
2599 3440 2631 3455 ⁷·

481 3520 661 3561 Petrum
691 3525 734 3561 et
764 3519 951 3561 Paulum
973 3517 1280 3572 Apostolorum
1311 3515 1531 3569 principes
1564 3526 1800 3567 eorumque
1831 3513 2072 3568 discipulos·
2098 3516 2142 3554 et
2168 3512 2431 3566 apostolicos
2460 3524 2576 3559 suc·¹

483 3604 677 3633 cessores
709 3591 926 3645 gradatim
957 3602 1096 3642 usque
1128 3588 1184 3628 ad
1214 3590 1409 3627 nostram
1439 3586 1703 3638 parvitatem
1734 3584 1925 3637 (scilicet
1953 3582 2215 3638 Agathonis)
2257 3583 2341 3624 Dei
2371 3582 2556 3637 opitula-

481 3663 598 3703 tione
628 3667 850 3704 servatum
881 3664 948 3703 est
976 3660 1098 3701 nulla
1127 3659 1339 3708 haeretici
1369 3658 1529 3698 erroris
1558 3660 1672 3697 tetra
1702 3656 1890 3709 caligine
1919 3655 2210 3707 tenebratum,
2241 3668 2325 3696 nec
2346 3652 2556 3695 falsitatis

482 3735 655 3775 nebulis
686 3734 994 3776 confoedatum
1033 3745 1116 3773 nec
1155 3730 1412 3771 intermistis
1453 3728 1686 3770 haereticis
1725 3727 2016 3781 pravitatibus
2046 3726 2169 3768 velut
2198 3725 2449 3782 caliginosis
2479 3736 2556 3765 ne-

483 3805 597 3846 bulis
626 3806 997 3860 perumbratum.„
1466 3790 1470 3793 ι

661 3876 693 3930 ⁴)
724 3877 808 3930 Ep.
839 3876 896 3916 ad
925 3876 1152 3919 Hincmar.
1184 3873 1320 3914 LXX.
1355 3886 1428 3926 ΒΡ,
1458 3868 1675 3915 Ηατᾶῑιῖη.
1719 3875 1750 3915 t.
1783 3871 1836 3914 V.
1867 3884 1911 3924 p.
1941 3867 2039 3913 308.

661 3948 693 4008 ⁵)
720 3950 942 4004 Respons,
981 3947 1094 3992 CVI.
1125 3947 1233 3993 ibid.
1263 3949 1308 4000 p'.
1338 3944 1438 3989 384.
