2626 4432
1271 161 1634 220 ...43-

568 331 882 401 Subjectum
922 326 1208 382 obnoxium
1240 330 1322 378 est
1354 336 1635 376 commune
1685 318 1898 385 utrique
1947 300 2233 385 potestati,
2290 315 2495 370 scilicet

428 434 510 481 est
547 426 706 478 homo
746 423 918 476 anima
956 425 1207 473 constans
1246 423 1300 469 et
1339 430 1604 483 corpore;
1651 417 1705 464 et
1748 410 1908 463 homo
1953 415 2181 477 utraque
2227 414 2495 478 potestate
2551 442 2554 445 ι

430 520 499 575 ad
535 518 693 571 finem
732 514 1004 581 dirigitur,
1043 509 1184 577 quod
1223 512 1364 562 bono
1400 506 1702 560 continetur
1741 503 1898 556 animi
1936 504 2177 572 proprio·

242 686 283 720 5.
568 664 653 718 57.
681 663 927 715 Potestas
953 658 1160 728 imperii
1185 657 1446 710 hominem
1471 655 1653 723 dirigit
1680 655 1747 708 ad
1768 654 2198 723 assequutionem
2220 655 2391 709 civilis
2417 656 2513 710 fe-

127 734 379 772 potestatum

133 786 365 822 mmmm,
421 758 654 812 licitatis:
693 759 935 824 potestas
973 751 1236 810 ecclesiae
1275 750 1515 803 eumdem
1559 749 1742 817 dirigit
1789 748 1858 802 ad
1897 748 2330 816 assequutionem
2367 750 2500 823 bea-7
2589 775 2599 787 ·

420 852 582 906 titatis
619 849 990 918 sempiternae.
1064 846 1312 899 Potestas
1349 843 1558 912 imperii
1596 859 1698 911 pro
1737 842 1844 895 fine
1871 842 1977 896 sibi
2015 842 2300 911 proposito
2337 839 2391 897 et
2429 861 2497 899 ea

411 947 597 1015 jubet,
656 959 792 1011 quae
831 938 1194 1007 assequutioni
1233 936 1404 990 civilis
1438 936 1710 989 felicitatis
1759 936 2072 990 necessaria
2127 941 2277 1004 sunt,
2329 942 2498 991 evea

416 1044 590 1105 vetat,
629 1052 766 1105 quae
804 1033 1044 1104 ejusdem
1084 1030 1448 1098 assequutioni
1487 1030 1860 1085 adversantur.

562 1188 808 1242 Potestas
846 1184 1107 1239 ecclesiae
1145 1199 1245 1253 pro
1285 1183 1421 1252 fine,
1476 1198 1630 1252 quem
1688 1185 1895 1254 pariter
1932 1185 2271 1254 propositum
2316 1185 2499 1255 habet,

419 1282 706 1353 praecipit,
762 1295 898 1348 quae
937 1278 1294 1347 sempiternae
1334 1278 1576 1331 beatitati
1615 1278 2015 1347 comparandae
2063 1279 2398 1348 conducunt,
2444 1286 2500 1334 et

365 1429 368 1432 ,
419 1376 692 1449 prohibet,
732 1389 869 1441 quae
907 1373 1048 1426 illius
1087 1371 1516 1440 assequutionem
1555 1372 1645 1424 vel
1683 1372 2113 1440 retardant,pvel
2135 1388 2362 1442 prorsus
2401 1356 2499 1427 imss'

419 1470 652 1539 pediunt.
728 1467 890 1534 Atqui
945 1481 1098 1518 nemo
1147 1480 1212 1518 eo
1266 1480 1436 1533 usque
1494 1465 1753 1534 desipiat,
1811 1472 1868 1519 ut
1932 1466 2156 1538 internis
2224 1467 2501 1522 dumtaxat

421 1564 624 1616 actibus
658 1560 966 1630 promoveri
998 1559 1104 1612 ·vel
1139 1558 1385 1628 impediri
1435 1559 1868 1626 assequutionem
1915 1563 2278 1631 sempiternae
2325 1563 2499 1619 beati-

424 1658 549 1711 tatis
604 1655 844 1709 affirmet.
918 1654 1115 1707 Rerum
1169 1667 1303 1720 ergo
1343 1652 1667 1706 adversatur
1705 1655 1938 1724 naturiS,
1989 1672 2059 1708 ex
2099 1672 2167 1710 eo
2209 1656 2499 1711 discrimen

419 1752 692 1818 utriusque
743 1749 1024 1819 potestatis
1073 1753 1285 1817 petere,
1340 1747 1480 1815 quod
1531 1749 1849 1818 corporibus
1901 1749 2104 1818 altera,
2161 1750 2333 1804 altera
2381 1750 2497 1805 ani-

421 1849 515 1903 mis
547 1845 763 1916 praesit.

88 1998 407 2089 Admigimmo
566 1991 651 2046 58.
688 1989 931 2056 Rursum,
972 1988 1176 2044 cuinam
1204 1989 1304 2042 nisi
1338 1988 1604 2044 ecclesiae
1644 1989 1851 2044 credita
1877 1996 1960 2044 est
1997 2007 2127 2046 cura
2155 1991 2297 2046 illius
2328 1991 2498 2061 partis

167 2103 320 2141 cultus·

421 2290 571 2335 civilis
602 2292 814 2348 potestas
847 2292 1243 2335 commensuratur
1289 2289 1414 2335 bono
1457 2288 1685 2335 communi
1722 2289 1948 2333 humanae
1988 2288 2257 2346 societatis,
2301 2288 2498 2348 eJ‘usque

420 2362 646 2409 felicitati.
707 2363 847 2420 Atqui
889 2363 1057 2408 bonum
1103 2363 1318 2407 naturale
1356 2364 1583 2408 humanae
1617 2361 1860 2406 societatis
1903 2361 2030 2407 vitae
2071 2361 2335 2419 praesentis
2383 2356 2502 2406 lim‘i-

119 2463 310 2500 Eiusdem
334 2472 406 2500 επ,
421 2437 543 2482 tibus
576 2437 988 2493 circumscribitur3
1026 2450 1143 2495 ergo
1174 2434 1279 2481 fieri
1308 2437 1468 2494 nequit
1509 2439 1563 2498 vut
1593 2434 1794 2492 amplior
1834 2434 1897 2479 sit
1939 2434 2092 2479 civilis
2130 2435 2381 2493 potestatis
2424 2448 2502 2480 ex-

190 2516 336 2553 tensio.
423 2510 588 2555 tensio.
647 2509 848 2554 Eandem
875 2510 940 2568 ,ob
973 2522 1159 2554 causam
1191 2509 1343 2554 civilis
1374 2511 1587 2567 potestas
1618 2521 1712 2552 non
1749 2506 1942 2565 respicit
1981 2507 2151 2553 bonum
2188 2507 2496 2567 singulorum,

423 2583 513 2627 nisi
548 2586 763 2640 respectu
810 2582 972 2628 habito
1013 2582 1071 2627 ad
1103 2584 1273 2628 bonum
1319 2582 1463 2628 totius
1506 2580 1871 2637 communitatis,
1918 2580 2043 2641 quod
2082 2583 2154 2625 est
2192 2579 2499 2638 adaequatum

423 2655 630 2715 ejusdem
660 2656 906 2715 objectum.
966 2656 1095 2715 Ergo
1127 2657 1252 2714 quod
1295 2654 1360 2701 ita
1391 2659 1574 2714 spectat
1613 2654 1673 2700 ad
1712 2654 1946 2712 privatam
1986 2652 2278 2718 felicitatem,
2319 2657 2371 2699 ut
2404 2666 2501 2699 non

426 2726 591 2773 refluat
621 2729 667 2773 in
700 2729 865 2774 bonum
899 2730 1263 2787 communitatis,
1295 2743 1388 2774 non
1420 2729 1686 2774 continetur
1720 2728 1912 2788 obJecto
1946 2726 2099 2772 civilis
2123 2727 2395 2785 potestatis.

71 2824 238 2872 Triplex
264 2828 411 2872 μώρῳ,
541 2802 613 2846 Ad
643 2803 780 2846 haec:
813 2803 984 2860 triplex
1016 2804 1315 2862 distinguitur
1345 2803 1538 2848 moralis
1569 2803 1801 2847 hominum
1830 2800 2135 2860 gubernatio,
2166 2800 2264 2845 alia
2303 2788 2500 2858 politica
2525 2846 2535 2855 ,

172 2877 299 2914 natio.
427 2886 543 2931 quae
572 2876 754 2930 spectat
784 2874 843 2917 ad
873 2876 1077 2932 regimen
1109 2876 1312 2920 civitatis
1343 2879 1391 2920 et
1414 2876 1754 2921 communitatis
1771 2871 2035 2934 perfectae:
2069 2876 2164 2920 alia
2185 2874 2499 2930 oeconomica,

427 2958 545 3003 quae
577 2945 636 2989 ad
658 2945 863 3004 regimen
895 2947 1138 2992 ordinatur
1170 2948 1302 2993 unius
1320 2948 1525 2994 familiae
1550 2953 1688 3007 atque
1721 2949 1907 2994 domus:
1943 2951 1991 2994 et
2013 2948 2108 2993 alia
2123 2945 2318 3006 propria
2348 2947 2502 2994 unius-

430 3018 674 3078 cujusque,
721 3032 837 3076 quae
876 3021 1132 3065 monastica
1173 3021 1323 3078 audit,
1371 3022 1505 3079 quasi
1544 3022 1603 3066 ad
1642 3022 1776 3067 unius
1819 3025 2064 3067 coarctata
2093 3010 2338 3079 regimena
2374 3019 2505 3065 Jam-.

428 3104 543 3135 vero
575 3091 755 3135 civilem
787 3095 1067 3149 potestatem
1097 3092 1267 3138 referri
1298 3094 1357 3139 ad
1386 3095 1627 3152 politicam
1657 3093 2067 3153 gubernationem,
2098 3106 2155 3137 ex
2184 3092 2393 3153 ejusdem
2423 3092 2500 3136 de-
2584 3150 2589 3154 ·

427 3162 634 3208 finitione
672 3164 934 3210 innotescit.
995 3167 1153 3224 Itaque
1191 3181 1276 3225 per
1321 3181 1372 3212 se
1412 3182 1504 3212 non
1549 3165 1755 3212 refertur
1793 3167 1852 3211 ad
1899 3165 2246 3211 oeconomicum
2290 3165 2499 3224 regimen

426 3235 516 3280 nisi
546 3236 593 3279 in
623 3235 703 3293 iis,
735 3250 852 3294 quae
882 3238 929 3282 in
961 3251 1196 3284 commune
1228 3242 1396 3286 bonum
1426 3237 1507 3286 aut
1537 3240 1858 3286 detrimentum
1887 3239 2091 3284 civitatis
2115 3238 2395 3283 redundant:
2427 3250 2503 3282 re·

425 3307 552 3365 liqua
581 3308 722 3365 enim,
763 3322 880 3366 quae
911 3311 970 3354 ad
1000 3312 1226 3369 privatam
1264 3312 1489 3359 familiam
1519 3314 1738 3370 attinent,
1784 3326 1877 3358 non
1909 3311 2124 3357 civilibus
2158 3311 2367 3370 legibus,
2414 3310 2496 3362 sed

424 3379 574 3435 patris
598 3377 799 3425 familias
829 3386 941 3426 nutu
981 3383 1309 3440 gubernantur.
1370 3386 1521 3445 Ergo,
1561 3390 1753 3432 servata
1789 3385 2113 3444 proportionis
2155 3375 2362 3442 ratione,
2405 3397 2500 3430 non

426 3454 499 3495 est
529 3450 679 3495 civilis
720 3454 970 3509 potestatis
1004 3458 1262 3501 monastica
1302 3458 1529 3517 directio,
1576 3473 1658 3505 seu
1703 3460 1893 3518 privata
1930 3449 2153 3504 honestas
2196 3458 2500 3517 singulorum,

426 3525 650 3578 quatenus
683 3527 790 3569 sunt
819 3525 1103 3585 hujusmodi:
1137 3530 1218 3573 sed
1248 3531 1406 3588 utique
1443 3533 1504 3577 ad
1535 3546 1637 3578 eam
1667 3530 1851 3591 spectat
1881 3545 1967 3590 per
1996 3532 2130 3590 leges
2155 3531 2339 3577 edicere
2368 3530 2498 3576 illam

425 3606 602 3638 morum
642 3596 957 3655 honestatem,
1003 3614 1121 3657 quae
1167 3607 1248 3648 aut
1294 3606 1582 3663 necessaria,
1621 3606 1701 3650 vel
1745 3605 1955 3663 apprime
1995 3608 2068 3649 est
2106 3603 2258 3660 utilis,
2303 3606 2356 3648 ut
2398 3602 2500 3659 quis

429 3666 573 3710 bonus
606 3667 721 3712 civis
753 3675 998 3716 censeatur
1029 3677 1075 3717 et
1106 3675 1177 3719 sit.
1239 3676 1335 3722 Sed
1363 3682 1414 3723 ut
1453 3679 1627 3738 singuli
1668 3678 1876 3724 homines
1921 3675 2198 3722 felicitatem
2237 3673 2499 3719 naturalem

426 3743 751 3798 assequantur,
796 3756 889 3787 non
930 3742 1104 3790 sufficit
1142 3751 1193 3793 ut
1222 3750 1341 3795 hanc
1380 3751 1564 3797 civilem
1596 3753 1891 3799 honestatem
1934 3748 2176 3803 excolant3
2218 3746 2302 3801 sed
2341 3757 2499 3791 neces-

428 3810 552 3854 saria
581 3812 750 3857 eisdem
782 3819 854 3860 est
884 3818 1143 3864 omnimoda
1172 3834 1349 3868 morum
1381 3825 1654 3883 integritaS,
1699 3827 1748 3869 et
1787 3826 1974 3869 actuum
2017 3819 2213 3865 directio
2243 3818 2305 3864 ad
2337 3818 2494 3874 Deum,

428 3886 649 3961 quatenus
684 3886 831 3933 indito
861 3892 1056 3935 naturae
1085 3893 1253 3938 lumine
1294 3899 1609 3957 cognoscitur.
1667 3899 1797 3958 Ergo
1835 3896 2026 3955 privata
2065 3892 2357 3952 singulorum
2386 3890 2498 3937 feli-

428 3956 544 3999 citas
573 3969 665 4002 non
695 3961 982 4008 concluditur
1010 3962 1178 4011 finibus
1212 3967 1360 4014 civilis
1391 3970 1656 4027 potestatis,
