2716 4446
1383 168 1780 226 -176--

225 336 341 371 Petri
371 334 526 380 lapsus.
546 325 787 377 omnibus
826 325 1144 378 excellentia
1184 325 1496 393 suffragium
1536 326 1776 393 corrupit
1800 330 1958 392 atque
1983 329 2279 395 pervertit:
2323 328 2504 397 „Ideo,
2539 330 2616 384 ita

542 417 711 483 inquit
775 417 1153 469 alexandrinus
1209 419 1544 485 patriarcha,
1606 434 1706 470 nec
1760 418 1959 471 Joanni
2008 436 2109 473 nec
2161 422 2318 474 alteri
2373 422 2615 490 cuiquam

541 509 803 576 discipulo
843 509 974 562 dixit
1013 508 1297 562 Salvator:
1339 510 1456 562 Tibi
1489 511 1630 562 dabo
1656 511 1838 564 claves
1873 514 2027 580 regni
2067 516 2338 576 coelorum
2378 522 2478 569 etc.
2518 516 2616 568 sed

540 602 639 652 soli
679 602 842 654 Petro
881 603 971 669 qui
995 601 1163 654 Deum
1207 610 1502 670 negaturus
1540 610 1657 655 erat
1683 611 1736 655 et
1761 612 2039 671 peccatum
2073 608 2326 676 lacrymis
2350 615 2405 662 et
2430 609 2619 678 poeni-

540 695 704 746 tentia
743 696 1082 763 expiaturuS‚
1119 702 1178 747 ut
1215 711 1313 748 suo
1351 697 1519 764 ipsius
1547 698 1796 766 exemplo
1824 715 1958 766 erga
1995 708 2312 767 peccatores
2342 702 2619 755 humanior
2697 709 2700 711 ’

541 794 701 839 esset.
778 786 890 839 Alii
937 790 1073 840 enim
1131 804 1238 840 non
1288 790 1477 841 tentati
1529 790 1712 843 forsan
1771 792 2012 845 severius
2070 809 2188 846 cum
2242 795 2618 862 peccatoribus

182 899 320 933 photii
353 882 828 950 per2>01·„egissent.„
909 879 1108 943 Quibus
1141 881 1280 933 hanc
1318 879 1539 933 Photius
1578 882 1795 950 subjicit
1823 879 1842 912 ¹
1878 881 2300 955 παρερμηνείανε
2357 884 2507 953 „Hoc
2544 886 2620 939 ait

306 950 383 985 '⁹²⁸⁰'
538 973 799 1042 Eulogius
838 974 1176 1026 verisimilius
1215 974 1385 1041 magis
1425 990 1584 1041 quam
1617 976 1814 1028 verius,
1889 976 2007 1028 Etsi
2040 978 2178 1029 enim
2217 978 2381 1030 Petro
2419 978 2617 1054 dictum

536 1074 647 1135 est,
701 1074 1067 1120 verumtamen
1108 1068 1159 1119 in
1210 1083 1443 1136 persona
1481 1068 1781 1137 coryphaei
1828 1077 1883 1122 et
1931 1071 2126 1123 ceteris
2164 1068 2446 1139 Apostolis
2494 1072 2618 1124 talis

532 1166 776 1229 potestas
818 1161 945 1213 data
985 1167 1082 1213 est.
1158 1161 1598 1228 Quandoquidem
1637 1168 1692 1214 et
1723 1165 2069 1230 sequentibus
2094 1165 2217 1217 illos
2243 1164 2617 1218 sacerdotibus

533 1254 776 1306 eamdem
830 1254 1006 1307 datam
1058 1270 1179 1308 esse
1243 1255 1490 1307 solvendi
1545 1256 1856 1324 ligandique
1918 1264 2239 1326 potestatem
2297 1257 2615 1326 credimus„

534 1346 757 1401 Scilicet
794 1348 868 1400 ita
906 1356 1293 1402 commentatur
1330 1349 1553 1402 Photius
1603 1356 1820 1418 praeter
1870 1357 1924 1402 et
1972 1358 2161 1404 contra
2205 1349 2420 1420 Eulogii
2467 1368 2616 1406 men-

535 1448 669 1506 tem,
710 1442 1155 1508 quemadmodum
1193 1444 1297 1496 hoc
1335 1459 1452 1496 cum
1492 1444 1601 1496 suis
1641 1443 1813 1497 credit
1851 1451 2072 1513 praeter
2110 1453 2165 1498 et
2203 1452 2391 1499 contra
2427 1444 2615 1516 Scrip-

534 1541 770 1588 turarum
810 1551 876 1588 ac
914 1534 1238 1589 Traditionis
1277 1537 1588 1590 doctrinam.

200 1697 501 1733 noricum-re·
678 1679 800 1734 212.
841 1679 1077 1734 Contulit
1115 1681 1252 1733 enim
1308 1677 1368 1748 1]
1408 1680 1652 1734 Christus
1684 1680 1845 1749 juxta
1889 1681 2174 1734 litteralem
2213 1679 2614 1750 Scripturarum

199 1748 496 1793 capitulatione
1141 1775 1150 1785 .
1663 1775 1673 1785 .
1987 1776 1998 1785 .
2245 1776 2256 1786 .
2316 1776 2326 1786 .
2509 1776 2520 1788 .
2617 1795 2622 1800 ἡ

198 1801 478 1844 praesumtae
534 1789 745 1827 sensum
785 1791 853 1826 ex
892 1789 1154 1828 commum
1191 1774 1409 1826 Patrum
1447 1780 1712 1826 sententia
1749 1774 1911 1827 Petro
1951 1791 2107 1842 eique
2157 1776 2260 1828 soh
2311 1775 2615 1830 lmmedlate

227 1853 456 1889 doctrinae.
534 1883 599 1921 ac
636 1867 840 1922 directe
879 1875 1196 1936 potestatem
1238 1884 1445 1920 omnem
1500 1883 1638 1935 quae
1678 1869 1943 1920 enarratis
1993 1868 2137 1937 apud
2175 1869 2506 1923 Matthaeum
2535 1878 2615 1927 ,et

531 1961 795 2015 Joannem
840 1962 1170 2030 potissimum
1217 1962 1349 2014 locis
1402 1977 1664 2030 expressa
1710 1962 1938 2029 legitur,
1987 1968 2041 2015 et
2090 1956 2194 2015 ha'c
2247 1970 2475 2031 accepta
2512 1978 2614 2033 po-

533 2060 728 2108 testate
772 2054 967 2108 Petrus
1021 2062 1105 2107 est
1163 2055 1463 2122 diciturque
1521 2072 1652 2107 vere
1705 2057 2033 2124 proprieque
2081 2051 2112 2110 ὁ
2165 2059 2464 2130 κορυφαῖος
2506 2058 2614 2111 τῶν
2675 2120 2678 2121 ⁷

176 2158 260 2217 0310
292 2167 420 2194 sensu
434 2169 518 2222 ong-
532 2142 863 2202 ἀποστόλων.
939 2148 1139 2211 Quodsi
1177 2163 1310 2200 vero
1362 2147 1429 2214 2)
1466 2149 1519 2200 in
1559 2148 1724 2201 Petro
1775 2149 2017 2202 omnibus
2073 2149 2447 2203 sacerdotibus
2499 2151 2613 2204 col-

172 2211 518 2299 {ssssgffffssgfffgt‘g
531 2243 641 2294 lata
679 2241 889 2295 dicatur
926 2248 1168 2310 potestas
1182 2282 1194 2309 ,
1247 2250 1352 2294 tum
1403 2244 1677 2297 enimvero
1732 2244 1796 2312 a)
1835 2245 1889 2297 id
1944 2241 2052 2298 non
2100 2241 2472 2320 οἷφαιρετικιὸς
2521 2247 2614 2300 vel

246 2313 449 2357 ''⁰⁶⁹⁸“‘3‘
530 2337 604 2388 ita
642 2335 817 2404 accipi
856 2335 1042 2403 debet,
1083 2337 1195 2389 acsi
1233 2354 1331 2389 sua
1356 2338 1518 2391 Petro
1558 2341 1945 2408 praerogativa
1984 2339 2386 2407 detraheretur3
2423 2356 2609 2394 verum

530 2425 594 2496 b)
635 2430 809 2497 accipi
845 2431 1224 2502 καταφατικῶς
1262 2432 1377 2483 sive
1422 2433 1498 2485 ita
1536 2432 1722 2500 debet,
1771 2440 1826 2486 ut
1863 2434 2011 2487 Petri
2058 2434 2443 2503 praerogativa
2482 2448 2610 2503 sup-

530 2524 786 2591 ponatur3
825 2523 1056 2592 ideoque
1104 2522 1164 2593 c)
1204 2527 1279 2578 ita
1317 2526 1491 2595 accipi
1537 2527 1724 2595 debet,
1775 2535 1832 2580 ut
1869 2527 2061 2581 Petrus
2105 2529 2274 2580 instar
2311 2526 2609 2602 παραδείγ-

529 2635 702 2683 ματος
739 2617 962 2670 aliorum
994 2614 1016 2648 ²
1067 2634 1133 2672 ac
1169 2620 1338 2672 instar
1375 2635 1610 2673 summae
1651 2621 1946 2689 juridicae,
1994 2628 2052 2674 ut
2103 2622 2283 2692 ajunt,
2340 2635 2608 2690 person-ae

530 2869 777 2929 tefaciunt,
810 2878 858 2919 et
887 2874 971 2919 illa
1001 2889 1182 2921 rursum
1216 2879 1467 2924 ostendunt
1497 2893 1616 2937 quae
1639 2879 1782 2924 habet
1805 2879 2060 2937 Gregorius
2084 2879 2141 2924 M.
2174 2879 2219 2922 in
2244 2891 2315 2922 ev.
2347 2877 2377 2921 l.
2402 2877 2452 2922 Il.
2484 2878 2607 2922 hom.

530 2945 669 2991 XXII.
700 2960 743 2990 n.
774 2949 814 2990 [ι.
848 2948 955 2992 coll.
987 2949 1033 2992 in
1063 2948 1228 2994 Ezech.
1261 2950 1292 2994 1.
1323 2951 1373 2995 ΙΙ.
1405 2953 1526 2997 hom.
1557 2953 1633 2996 VI.
1664 2967 1707 2997 n.
1740 2954 1781 2996 9.
1813 2956 1860 2996 et
1890 2953 2158 2996 Damascen.
2190 2952 2238 2995 in
2269 2952 2416 2996 sacris
2447 2949 2606 3008 paral-

530 3018 634 3062 lelis
663 3032 737 3077 pp.
770 3021 855 3064 591
889 3035 955 3079 sq.

649 3093 663 3121 ¹
696 3092 807 3137 lbid.
842 3098 980 3139 Τοῦτο
1024 3099 1107 3154 μέν
1154 3114 1287 3154 φησιν
1325 3097 1350 3143 ὁ
1389 3095 1606 3161 Enii-dyene
1650 3095 1970 3158 πιθανώτερον
2013 3095 2186 3161 μᾶλλον
2229 3091 2259 3150 ἦ
2300 3092 2609 3156 ἀληθέστερον

530 3165 679 3225 λέγων.
713 3167 750 3210 εἰ
779 3165 870 3227 γὰρ
916 3171 991 3212 καὶ
1030 3167 1148 3230 πρὸς
1178 3173 1355 3231 Πέτρον
1395 3174 1576 3232 εἴρηται·
1622 3168 1716 3215 ἀλλ’
1750 3163 1829 3215 οὖν
1868 3170 1915 3214 ἐν
1955 3168 2189 3230 προσώπῳ
2231 3165 2312 3212 τοῦ
2351 3170 2606 3228 κορυφαίου

529 3239 604 3280 καὶ
633 3243 726 3288 τοῖς
756 3239 931 3290 λοιποῖς
960 3240 1048 3286 τοῖν
1078 3243 1302 3300 μαθητῶν
1331 3243 1359 3302 ἡ
1391 3242 1571 3301 τοιαύτη
1603 3243 1787 3297 ἐξουσία
1817 3242 2015 3287 ἐδέδοτο
2057 3239 2174 3287 ὅπου
2212 3258 2264 3301 γε
2294 3243 2368 3285 καὶ
2397 3247 2497 3292 τοῖς
2522 3238 2602 3286 ἀπ’

532 3309 703 3356 ἐκείνων
734 3312 783 3356 τὸ
817 3311 1132 3375 ἀρχιερατικὸν
1162 3315 1276 3360 κατὰ
1307 3315 1535 3376 διαδοψὴν
1564 3316 1956 3378 περιβεβλημένοις
1988 3313 2170 3373 ἀξίωμα
2210 3313 2289 3371 τὴν
2318 3311 2458 3371 αὐτὴν
2487 3330 2604 3376 προ-

530 3389 672 3427 σεῖναι
702 3391 783 3429 τοῦ
810 3386 990 3445 δεσμεῖν
1020 3393 1094 3435 καὶ
1125 3387 1242 3433 λύειν
1273 3389 1483 3443 ἐξουσίαν
1512 3388 1794 3447 πιστεύομεν.

341 3476 424 3512 Leo
452 3478 513 3515 M.
650 3456 668 3485 ²
697 3458 939 3515 Expressit
979 3462 1069 3506 hoc
1114 3462 1358 3520 perspicue
1399 3462 1492 3506 Leo
1523 3464 1581 3507 M.
1623 3462 1678 3506 de
1720 3466 1813 3506 nat.
1845 3463 1990 3520 ipsius
2032 3475 2068 3506 s.
2099 3462 2174 3506 IV.
2213 3473 2252 3506 c.
2283 3461 2326 3503 3.
2373 3458 2430 3501 de
2469 3455 2602 3501 Petri

531 3527 826 3577 confessione
861 3531 929 3575 ita
959 3532 1234 3589 eloquenter
1265 3533 1517 3578 disserens:
1563 3535 1718 3592 „Hanc
1757 3533 2098 3580 confessionem
2129 3537 2297 3591 portae
2338 3529 2477 3575 inferi
2506 3541 2602 3574 non

528 3602 773 3658 tenebunt,
817 3603 982 3649 mortis
1027 3605 1214 3649 vincula
1253 3616 1347 3648 non
1384 3603 1617 3662 ligabunt:
1665 3618 1760 3649 vox
1804 3604 1924 3649 enim
1967 3604 2061 3648 ista
2103 3617 2199 3649 vox
2237 3604 2364 3648 vitae
2399 3604 2484 3646 est.
2541 3599 2602 3644 Et

529 3673 647 3718 sicut
677 3673 975 3722 confessores
1009 3692 1119 3723 suos
1157 3679 1205 3721 iu
1246 3677 1472 3722 coelestia
1510 3677 1754 3736 provehit,
1794 3677 1862 3721 ita
1901 3680 2155 3734 negatores
2200 3675 2262 3719 ad
2296 3670 2480 3718 inferna
2521 3671 2600 3716 de-

526 3746 707 3804 mergit.
769 3748 971 3804 Propter
1001 3751 1125 3807 quod
1156 3750 1323 3794 dicitur
1352 3750 1623 3794 beatissimo
1654 3750 1820 3794 Petro:
1861 3749 1965 3793 Tibi
1993 3748 2115 3793 dabo
2147 3748 2304 3792 claves
2335 3745 2472 3804 regni
2494 3757 2601 3791 coe·-

526 3817 747 3863 lorum..
773 3853 783 3863 .
815 3821 1050 3867 Transivit
1087 3824 1267 3880 quidem
1306 3823 1444 3868 etiam
1486 3823 1531 3866 in
1571 3822 1693 3866 alios
1730 3802 1989 3880 Apostohfs
2025 3821 2109 3866 &lus
2149 3820 2403 3878 potestatis
2443 3820 2594 3875 istius,

528 3893 575 3932 et
611 3891 670 3934 ad
707 3905 865 3937 omnes
911 3895 1138 3940 ecclesiae
1178 3896 1412 3954 principes
1459 3895 1636 3940 decreti
1674 3896 1807 3940 huius
1855 3894 2127 3940 constitutio
2170 3894 2467 3950 commeavit3
2512 3893 2605 3938 sed‘

527 3974 620 4004 non
659 3960 840 4009 frustra
876 3967 955 4010 uni
1001 3969 1368 4025 commendatur,
1413 3968 1538 4026 quod
1576 3968 1786 4014 omnibus
1825 3968 2074 4013 intimetur.
2134 3967 2276 4011 Petro
2325 3965 2444 4011 enim
2487 3964 2593 4010 ideo
