2716 4446
954 218 1020 225 m
1099 157 1205 242 131
1285 219 1343 224 -κ

121 356 536 419 haereticorum,
599 366 736 418 quae
791 362 964 400 vanos
1019 346 1086 401 ad
1136 346 1406 399 interitum
1458 344 1836 411 introducunt,
1894 344 2197 397 nullatenus

118 450 261 501 foret
298 445 627 516 superanda,
667 443 744 496 sic
782 441 1066 510 pollicetur
1108 441 1230 508 ipsa
1265 440 1494 506 veritaS,
1544 455 1641 508 per
1692 454 1850 506 quam
1890 444 2010 490 sunt
2050 453 2198 503 vera,

120 557 468 610 quaecunque
506 544 626 591 sunt
663 552 809 588 vera.
884 534 1082 586 Portae
1131 533 1289 585 inferi
1335 548 1443 585 non
1492 532 1883 601 praevalebunt
1937 530 2199 583 adversus

121 653 252 688 eam.
329 633 496 701 Cujus
537 629 902 701 promissionis
945 627 1191 680 effectum
1231 642 1289 679 se
1329 626 1581 695 precibus
1619 625 1940 693 impetrasse
1982 642 2013 676 a
2037 624 2199 677 Patre

117 727 258 780 idem
314 726 482 780 Filius
535 729 893 794 protestatur,
955 720 1182 792 dicendo
1238 720 1307 772 ad
1369 720 1611 772 Petrum:
1672 717 1888 785 Simon,
1938 734 2065 771 ecce
2114 733 2202 769 sa-

120 827 275 874 tanas
315 827 416 873 etc«
490 819 607 871 Erit
645 817 920 885 quisquam
973 819 1155 866 tantae
1199 813 1529 880 dementiae,
1581 813 1670 880 qui
1712 813 2007 865 orationem
2046 812 2201 878 illius,

121 913 275 982 cujus
313 913 457 965 velle
495 919 578 986 est
615 926 803 980 posse,
843 907 1040 961 audeat
1075 908 1128 959 in
1169 907 1348 973 aliquo
1387 922 1612 958 vacuam
1651 906 1888 974 putare?
1938 906 2130 958 Nonne
2170 921 2202 956 a

122 1007 251 1059 sede
289 1006 546 1074 principis
596 1003 1008 1074 Apostolorum,
1061 1016 1283 1053 romana
1334 999 1588 1052 videlicet
1636 999 1893 1066 ecclesia,
1948 1006 2054 1051 tam
2103 1016 2203 1067 per

121 1100 375 1154 eumdem·
399 1099 644 1161 Petrum,
700 1114 856 1165 quam
911 1112 1008 1164 per
1047 1109 1393 1147 successores
1444 1109 1596 1161 suoS,
1647 1096 1942 1162 reprobata
1980 1099 2034 1146 et
2072 1108 2203 1146 con-

119 1194 267 1247 victa
319 1200 480 1261 atque
527 1196 840 1259 expugnata
892 1194 1014 1241 sunt
1065 1187 1293 1240 omnium
1348 1186 1740 1240 haereticorum
1793 1193 2092 1252 commenta
2152 1192 2204 1237 et

119 1287 342 1339 fratrum
383 1283 550 1337 corda
587 1283 639 1335 in
674 1282 781 1334 fide
819 1281 991 1349 Petri,
1031 1298 1170 1350 quae
1196 1281 1456 1334 hactenus
1494 1296 1596 1333 nec
1635 1280 1860 1347 defecit,
1896 1296 1997 1333 nec
2034 1295 2204 1347 usque

119 1381 174 1432 in
211 1379 371 1432 finem
411 1377 658 1443 deficiet,
698 1382 819 1430 sunt
858 1375 1248 1442 confirmata‘3„

266 1522 333 1590 5)
371 1522 658 1591 Proposuit
692 1518 709 1552 ¹
745 1521 871 1574 Pius
909 1519 1000 1573 1V.
1043 1521 1098 1572 in
1137 1520 1477 1590 praescripta
1514 1518 1642 1571 fidei
1680 1518 1934 1571 formula:
1994 1516 2201 1587 „Sanc-
2220 1521 2567 1612 F‘d‘jisssssss’mla

122 1624 230 1672 ta'm
270 1617 588 1672 catholicam
642 1622 696 1668 et
741 1613 1120 1684 'Apostolicam
1170 1629 1444 1667 romanam
1493 1613 1777 1666 ecclesiam
1833 1612 2061 1664 omnium
2112 1628 2202 1665 ec-
2345 1587 2374 1612 η
2467 1601 2478 1614 '

124 1712 407 1766 clesiarum
445 1717 666 1763 matrem
705 1715 758 1762 et
797 1709 1106 1776 magistram
1145 1723 1386 1776 agnosco
1423 1721 1755 1773 romanoque
1781 1705 2030 1759 Pontifici
2061 1707 2206 1760 beati

36 1798 38 1808 '
122 1805 270 1860 Petri
320 1803 709 1874 Apostolorum
766 1803 1024 1873 principis
1083 1803 1385 1856 successori
1435 1819 1501 1857 ac
1559 1802 1693 1856 Jesu
1742 1800 1941 1854 Christi
2001 1802 2206 1855 vicario

125 1886 306 1952 {reram
347 1898 704 1953 obedientiam
745 1895 987 1965 spondeo
1027 1911 1093 1949 ac
1123 1895 1299 1964 juro„

266 2041 336 2111 6)
375 2042 666 2111 Proposuit
697 2038 719 2073 ²
767 2041 980 2108 graecis
1020 2039 1318 2107 Gregorius
1357 2038 1523 2092 X111.:
1582 2039 1747 2109 „Item
1793 2046 2034 2092 sanctam
2072 2054 2207 2108 apo·
2227 2046 2444 2092 professio
2474 2048 2572 2110 fidet·

129 2138 370 2191 stolicam
408 2137 618 2200 sedem,
657 2142 711 2187 et
749 2150 1024 2187 romanum
1051 2132 1363 2187 Pontificem
1390 2134 1444 2185 in
1471 2134 1776 2186 universum
1807 2136 1990 2187 orbem
2025 2139 2208 2187 tenere
2225 2100 2571 2190 ἧιῗνῖἶεῖἒῖζεα

129 2232 433 2300 primatum,
491 2235 545 2280 et
580 2229 753 2296 ipsum
790 2226 1104 2279 Pontificem
1143 2241 1418 2279 romanum
1465 2242 1835 2279 successorem
1890 2243 2011 2280 esse
2065 2228 2210 2281 beati

130 2326 277 2380 Petri
315 2324 571 2393 principis
610 2320 1023 2390 Apostolorum,
1063 2327 1118 2373 et
1151 2337 1337 2373 verum
1379 2318 1580 2372 Christi
1617 2321 1896 2386 vicarium,
1936 2322 2208 2389 totiusque

131 2418 394 2473 ecclesiae
440 2422 630 2493 caput,
688 2421 743 2468 et
794 2415 1023 2467 omnium
1086 2414 1493 2468 christianorum
1548 2421 1755 2481 patrem
1811 2431 1876 2468 ac
1932 2415 2208 2468 doctorem

131 2514 388 2578 existere,
437 2517 491 2563 et
527 2509 630 2577 ipsi
666 2510 719 2560 in
770 2511 930 2562 beato
963 2509 1127 2561 Petro
1165 2508 1446 2578 pascendi,
1507 2508 1736 2576 regendi
1774 2514 1828 2560 et
1875 2508 2210 2576 gubernandi

86 2594 90 2600 ¹
129 2606 486 2660 universalem
522 2603 821 2657 Ecclesiam
862 2619 893 2654 a
931 2601 1156 2656 Domino
1183 2609 1392 2657 >nostro
1429 2602 1564 2656 Jesu
1603 2601 1818 2655 Christo
1857 2603 2069 2670 plenam
2110 2617 2210 2670 po-

130 2706 377 2752 testatem
426 2698 675 2752 traditam
727 2713 870 2762 esse,
923 2696 1368 2764 quemadmodum
1415 2697 1574 2749 etiam
1610 2698 1664 2749 in
1715 2697 1851 2751 actis
1902 2697 2209 2749 oecumeni-

131 2808 312 2847 corum
376 2775 721 2846 conciliorum
782 2796 836 2843 et
889 2792 943 2842 in
1005 2791 1174 2843 sacris
1230 2791 1524 2844 canonibus
1588 2791 1902 2843 continetur.
1985 2789 2212 2859 Insuper

129 2886 391 2955 profiteor
443 2903 508 2939 ac
550 2886 754 2954 recipio
800 2885 905 2937 alia
955 2885 1159 2950 omnia,
1222 2900 1359 2951 quae
1409 2901 1477 2937 ex
1528 2883 1760 2936 decretis
1809 2899 2000 2936 sacrae
2049 2899 2210 2936 oecu-

131 2980 368 3033 menIcae
407 2980 677 3048 generalis
718 2977 915 3047 synodi
956 2977 1300 3045 tridentinae,
1335 2983 1684 3031 sacrosancta
1721 2993 1945 3030 romana
1985 2983 2039 3030 et
2077 2992 2210 3045 apo-

132 3073 322 3126 stolica
359 3073 613 3141 ecclesia,
653 3074 811 3125 etiam
850 3073 991 3125 ultra
1024 3078 1275 3125 contenta
1313 3073 1367 3124 in
1406 3071 1729 3140 supradictis
1766 3069 1891 3123 fidei
1933 3072 2210 3139 symbolis,
2271 3138 2275 3141 μ

83 3202 87 3210 ,
132 3159 435 3233 profitenda
472 3182 536 3220 ac
574 3165 886 3246 recipienda
911 3165 1196 3235 proposuit
1224 3171 1384 3233 atque
1411 3166 1789 3234 praescripsit,
1828 3172 1887 3218 ut
1917 3165 2205 3234 sequitun„

138 3335 141 3339 ·
281 3306 344 3381 7)
378 3309 780 3378 proposuerunt
810 3307 833 3342 3
878 3307 1127 3364 Urbanus
1165 3307 1309 3362 V111.
1362 3315 1416 3361 et
1465 3308 1789 3386 Benedictus
1828 3309 1970 3364 XIV.
2029 3311 2208 3363 orien-
2226 3323 2478 3368 Repeticaao
2495 3324 2576 3359 Ur-

217 3401 233 3408 ”
2228 3374 2576 3462 ’ἰςῗῖιίαἶὲἶέζειὸῗ

258 3557 278 3586 1
306 3553 548 3600 Professio
579 3552 686 3599 fidei
715 3555 966 3600 tridentina
995 3569 1024 3599 a
1054 3556 1140 3600 Pio
1171 3557 1246 3600 IV.
1277 3570 1362 3615 per
1395 3559 1772 3603 constitutionem
1816 3559 2101 3618 „InJ'unctum
2131 3573 2214 3604 no-

120 3629 239 3689 bis„
274 3629 341 3674 18.
365 3628 483 3673 Nov.
510 3629 636 3673 1564.
667 3642 724 3672 ex
755 3628 948 3673 decreto
980 3629 1230 3675 tridentino
1262 3644 1376 3675 sess.
1401 3633 1469 3675 24.
1497 3643 1596 3688 cap.
1617 3633 1683 3675 13.
1717 3631 1772 3674 de
1804 3629 1993 3675 reform.
2018 3636 2065 3676 et
2095 3645 2211 3676 sess.

137 3703 209 3746 25.
242 3714 341 3759 cap.
372 3704 412 3745 2.
444 3701 499 3744 de
530 3698 718 3745 reform.
751 3700 1056 3759 praescripta.

259 3774 276 3802 ²
305 3773 548 3818 Professio
579 3770 686 3817 fidei
716 3774 901 3831 graecis
931 3774 1222 3832 praescripta
1252 3787 1282 3819 a
1310 3774 1542 3833 Gregorio
1574 3775 1689 3823 XIII.
1721 3788 1805 3832 per
1835 3776 2214 3822 constitutionem

142 3848 496 3906 „Sanctissimus
528 3845 979 3905 Dominus'noster.„
1488 3853 1491 3856 ⁴

260 3922 278 3951 ³
306 3919 436 3966 Prof.
465 3918 540 3965 fid.
579 3920 883 3965 orientalibus
923 3921 1217 3979 praescripta
1257 3920 1315 3964 ab
1347 3920 1536 3965 Urbano
1569 3919 1682 3963 VIII.
1721 3924 1768 3964 et
1814 3921 2067 3966 Benedicto
2096 3923 2212 3968 XIV.

139 4008 224 4053 per
247 3995 620 4040 constitutionem
652 3996 722 4039 79.
757 3994 942 4051 „Nuper
973 3994 1033 4039 ad
1062 4007 1190 4051 nos.„
