2626 4432
1010 159 1374 216 ,51-

148 328 203 375 et
238 323 579 392 publicanum
617 322 918 376 habendum
962 322 1106 374 illum
1149 336 1300 387 esse,
1356 320 1446 387 qui
1484 319 1754 373 ecclesiae
1793 321 2080 389 imperanti
2118 335 2232 373 mo-

147 433 259 468 rem
310 432 414 469 non
465 415 741 484 gesserit?
803 432 869 468 an
919 416 971 467 in
1022 415 1176 469 coelo
1227 414 1485 483 primum,
1549 414 1638 481 qui
1686 415 1952 468 ecclesiae
1993 429 2097 467 non
2139 429 2232 468 ao-

148 510 471 577 quieverint,
512 527 542 562 e
575 509 808 562 fidelium
846 516 1004 562 coetu
1042 507 1443 562 excludentur?

289 643 544 710 Rursum,
598 643 727 696 nihil
776 661 842 695 ne
881 645 934 695 in
971 645 1133 696 terris
1186 645 1297 712 egit
1336 644 1560 710 PauluS,
1617 629 1738 696 cum*
1774 643 2145 711 Hymenaeum
2181 651 2235 696 et

145 736 432 803 Philetum,
488 737 728 788 homines
785 731 1110 804 baereticOS,
1164 743 1386 790 satanae
1433 736 1696 790 tradidit?
1763 738 1919 805 nihil,
1976 754 2094 791 cum
2152 739 2233 790 in-

150 837 451 884 cestuosum
494 829 826 883 Corinthium
852 847 882 882 e
909 829 1132 883 fratrum
1168 831 1430 884 societate
1463 816 1770 900 praecidit?
1810 832 1971 900 nihil,
2010 848 2127 885 cum
2165 832 2234 885 ad

148 924 654 977 Thessalonicenses
689 920 707 954 ¹
746 923 984 992 scripsit.
1030 922 1217 992 „Quod
1255 924 1301 975 si
1340 925 1456 991 quis
1497 940 1602 976 non
1629 924 1814 978 obedit
1838 927 2008 978 verbo
2047 930 2234 978 nostro

147 1034 246 1086 per
291 1017 598 1085 epistolam,
652 1017 794 1070 hunc
841 1022 1055 1082 notate,
1113 1023 1165 1069 et
1221 1033 1287 1068 ne
1326 1018 1776 1071 commisceamini
1832 1034 1950 1071 cum
1998 1018 2123 1086 illo,
2178 1025 2235 1072 ut

146 1109 499 1164 confundatur
516 1110 577 1178 2„

289 1249 372 1303 61.
402 1247 553 1301 Sed
540 1262 710 1314 ipsam
735 1249 1073 1300 consulamus
1103 1248 1460 1315 traditionem,
1492 1250 1598 1302 imo
1630 1265 1736 1302 non
1762 1250 1952 1318 ipsam,
1994 1265 2100 1317 qua
2127 1250 2234 1303 late
2253 1259 2456 1295 Traditio-

144 1349 322 1412 patet,
376 1342 742 1408 traditionem,
801 1342 896 1399 sed
934 1359 1091 1394 unum
1141 1342 1385 1410 ejusdem
1442 1349 1631 1411 caput,
1688 1358 1792 1410 quo
1844 1344 2102 1397 docemur
2148 1344 2237 1412 qui

144 1442 325 1489 essent
369 1435 592 1489 effectus
642 1436 891 1504 publicae
938 1436 1302 1505 poenitentiae
1359 1437 1734 1490 ecclesiastica
1783 1438 2106 1491 auctoritate
2154 1438 2235 1490 in-

150 1529 340 1584 dictae.

289 1686 410 1739 Jam
464 1685 589 1737 inde
647 1702 677 1737 a
735 1685 954 1738 saeculo
1009 1682 1102 1736 1V.
1169 1700 1286 1735 eam
1347 1684 1643 1736 obtinuisse
1704 1684 2073 1753 disciplinam,
2129 1701 2235 1752 qua
2254 1684 2515 1782 Ρῖξέξῖξῗέῑα

80 1838 85 1843 ,
145 1780 509 1849 poenitentiae
548 1778 776 1832 stadium
816 1781 885 1831 ab
923 1778 986 1830 iis
1028 1777 1419 1830 decurrendum
1463 1778 1549 1844 qui
1592 1779 1756 1831 certis
1815 1794 1874 1830 se
1915 1778 2234 1831 obstrinxis-

146 1880 264 1927 sent
300 1873 547 1942 flagitiis,
600 1873 651 1924 in
708 1865 1145 1939 quatuor'veluti
1195 1853 1459 1925 stationes
1513 1872 1964 1940 distingueretur,
2019 1889 2157 1941 quae
2203 1890 2234 1925 a

145 1968 359 2035 graecis
398 1960 558 2020 τόποι
596 1967 700 2017 τῶν
754 1964 1044 2033 ἐπιτιμιῶν
1096 1966 1435 2030 dicebantur,
1489 1974 1543 2018 et
1592 1983 1817 2034 quarum
1865 1967 2015 2036 prior
2067 1961 2237 2038 πρόσ-

145 2062 385 2126 κλαυσις,
428 2061 543 2112 sive
569 2053 598 2113 ὁ
623 2060 720 2113 τοῦ
752 2056 1176 2125 προσκλαιόντος
1202 2054 1384 2125 τόπος,
1418 2061 1590 2113 altera
1629 2054 1888 2132 ἀκρόασις
1920 2061 2037 2113 sive
2075 2054 2105 2115 ὁ
2142 2060 2238 2115 τοῦ

146 2149 522 2226 ἀκροωμένου,
565 2153 722 2205 tertia
757 2146 1072 2215 ὑπόπτωσις
1110 2154 1226 2205 sive
1264 2148 1295 2207 ὁ
1333 2155 1429 2207 τοῦ
1469 2148 1901 2222 ὑποπίπτοντος,
1951 2161 2007 2208 et
2045 2161 2237 2223 quarta

147 2243 405 2308 σύστασις
461 2247 576 2298 sive
626 2239 791 2299 ὁτοῦ
829 2246 1166 2309 συνεστῶτος
1214 2244 1440 2314 βαθμὸς
1489 2254 1635 2314 erat,
1689 2249 1978 2301 innumeris
2025 2254 2238 2301 constat

144 2340 488 2406 testimoniiS,
551 2354 687 2405 quae
747 2336 890 2406 apud
948 2338 1133 2405 plures
1184 2338 1471 2406 diligentes
1518 2358 1697 2394 rerum
1746 2341 2236 2395 ecclesiasticarum

146 2441 467 2488 tractatores
501 2429 523 2464 2
563 2433 794 2486 collecta
831 2432 1004 2485 videri
1043 2440 1284 2501 possunt.

291 2570 406 2624 Sed
444 2587 602 2625 nemo
643 2573 889 2640 ambigit,
928 2572 1069 2625 hanc
1111 2570 1447 2639 disciplinam
1479 2568 1751 2622 inductam
1790 2570 2015 2638 primum
2054 2569 2239 2635 fuisse,

143 2673 251 2719 tum
295 2682 429 2719 vero
469 2662 781 2735 perenniter
835 2667 1257 2719 administratam
1311 2664 1541 2717 clavium
1591 2664 1928 2717 auctoritate.
2004 2663 2155 2732 Ergo
2195 2664 2240 2715 si

144 2759 304 2828 hujus
345 2759 660 2828 disciplinae
702 2760 924 2814 effectus
961 2760 1017 2812 in
1055 2766 1202 2812 terra
1240 2757 1519 2825 conspicui
1556 2758 1786 2810 maxime
1824 2757 2051 2823 fuerint,
2092 2757 2239 2810 nullo

145 2852 450 2919 argumenti
505 2839 706 2919 genere
763 2851 978 2905 defendi
1033 2851 1257 2921 poterit,
1318 2849 1723 2903 ecclesiasticae
1776 2851 2062 2919 potestatis
2120 2867 2236 2903 eam

146 2959 267 2997 esse
305 2951 566 3012 naturam,
605 2951 663 2998 ut
701 2960 836 3012 quos
875 2947 1018 3015 parit
1042 2945 1295 3011 effectuS,
1335 2943 1496 2997 iidem
1536 2943 1605 2995 ad
1638 2943 1848 3002 coelum
1873 2951 2238 2998 reserventur.

452 3168 596 3221 XVI.
635 3169 904 3222 Romanae
940 3171 1158 3223 unitatis
1196 3170 1259 3223 de
1296 3169 1437 3222 civili
1473 3171 1723 3223 societate
1761 3183 1906 3224 cara.

291 3307 376 3361 62.
417 3306 604 3374 Neque
643 3322 710 3360 eo
750 3309 908 3360 etiam
964 3322 1124 3359 sensu
1169 3306 1399 3360 ecclesia
1438 3305 1641 3359 Christi
1678 3308 1970 3375 spiritualis
2021 3316 2103 3361 est
2144 3323 2231 3360 so-

149 3399 344 3466 cietaS,
393 3400 535 3467 quod
587 3417 762 3469 neque
809 3400 1074 3467 intendat,
1125 3415 1299 3467 neque
1348 3405 1593 3466 procuret
1641 3401 1975 3469 temporalem
2006 3399 2028 3433 ³
2068 3408 2236 3457 status

267 3668 283 3694 ¹
313 3665 395 3722 Ep.
428 3665 478 3710 ΙΙ.
512 3679 546 3710 c.
578 3669 619 3710 3.

268 3739 286 3766 ²
317 3738 386 3784 cf.
420 3738 612 3796 Caspar.
660 3738 838 3784 Suicer.
880 3740 1117 3785 observat.
1158 3753 1278 3785 sacr.
1320 3754 1420 3798 cap.
1452 3742 1483 3784 Ι.
1520 3743 1756 3788 Binterim.
1798 3745 2233 3805 Denkwiirdigkeit.

128 3812 179 3856 *t.
213 3811 265 3855 V
296 3811 459 3855 Hefele
492 3812 732 3856 concilior.
766 3813 872 3857 hist.
907 3814 1093 3870 passim.

269 3885 286 3914 ³
316 3885 621 3941 Recolantui,
656 3900 773 3943 quae
804 3887 1017 3949 superius
1043 3887 1099 3930 de
1123 3900 1343 3932 romanae
1375 3888 1564 3932 unitatis
1591 3903 1752 3933 norma
1777 3894 1916 3947 atque
1934 3894 2231 3951 praescripto
2406 3912 2439 3947 1

149 3959 276 4002 circa
308 3960 424 4004 hane
455 3973 550 4003 rem
582 3960 942 4016 praestituimus.
1005 3960 1177 4004 iuverit
1222 3965 1374 4005 tamen
1420 3961 1517 4005 illis
1564 3962 1791 4007 adiecisse
1834 3976 1953 4020 quae
2000 3965 2059 4009 ad
2106 3966 2233 4012 cives
2249 3961 2506 3999 obedientia.
