2716 4446
206 306 351 357 num,
395 296 449 342 et
489 285 694 342 Christi
731 289 1047 359 vicarium„
1093 288 1306 356 Quibus
1346 306 1418 341 ex
1457 294 1643 341 sancto
1668 286 1705 360 ¹)
1731 285 2010 340 Bernardo
2037 283 2280 357 probatis

209 381 482 436 subditur:
537 381 724 450 „Haec
762 383 1056 435 auctoritas
1094 381 1355 453 pascendi
1414 400 1537 434 cum
1577 380 1812 435 clavium
1849 386 2116 451 potestate
2157 397 2283 431 con-

206 477 391 529 iuncta
427 473 587 555 Petro
652 474 984 544 peculiarem
1043 476 1099 528 in
1155 475 1376 529 modum
1416 473 1692 542 attributa,
1734 474 1872 526 sicut
1909 474 2285 527 auctoritatem

207 586 339 640 prae
379 586 437 620 se
476 562 582 620 fert
618 567 674 619 in
715 586 900 620 omnes
951 567 1142 621 fideles
1195 568 1524 621 ordinariam
1581 575 1744 639 atque
1782 566 2168 634 immediatam,
2209 567 2288 619 ita

211 659 456 715 eamdem
505 678 637 730 prae
691 679 748 713 se
794 660 899 714 fert
935 663 1312 714 auctoritatem
1352 660 1680 715 ordinariam
1719 668 1879 732 atque
1917 660 2285 713 immediatam

206 756 264 807 in
302 772 488 807 omnes
526 760 789 824 pastores,
830 755 939 825 qui,
964 772 1288 826 quacunque
1332 755 1551 808 demum
1588 753 1967 825 praefulgeant
2005 754 2286 824 dignitate,

209 866 327 902 non·
358 847 530 901 solum
568 865 678 900 non
717 856 841 900 sunt
878 848 1126 918 pontifici
1162 867 1340 918 pares,
1397 848 1493 901 sed
1543 849 1621 901 ita
1659 849 1775 901 eius
1815 848 2126 901 auctoritati
2164 847 2287 901 sub-

209 942 424 1010 duntur,
464 948 524 994 ut
562 942 655 1012 qui
692 948 941 1012 pastores
981 942 1330 1013 appellantur
1368 949 1421 995 et
1461 949 1600 1011 sunt,
1657 942 1704 994 si
1739 941 1970 1012 populos
2009 943 2287 1013 respiciaS,

211 1036 251 1089 ii
290 1037 338 1088 si
374 1035 689 1107 pontificem
729 1043 962 1107 specteS,
1001 1038 1218 1090 nonnisi
1258 1037 1441 1090 ovium
1489 1055 1714 1089 numero
1752 1037 2070 1092 habeantur.
2136 1037 2290 1110 Quae

211 1129 431 1201 quidem
487 1147 619 1183 oves
676 1130 832 1182 iuxta
889 1130 1108 1185 divinae
1162 1131 1517 1183 institutionis
1574 1131 1969 1202 praescriptum
2021 1130 2223 1184 debent
2260 1150 2293 1183 a

213 1217 470 1295 pontifice
511 1243 718 1277 summo
757 1223 1020 1295 pabulum
1058 1233 1262 1296 petere,
1318 1231 1372 1277 et
1410 1230 1702 1295 expectare
1754 1242 1817 1277 eo
1856 1243 2077 1295 prorsus
2115 1224 2291 1293 mod0,

195 1335 317 1395 *quo
355 1316 545 1370 fideles
589 1336 791 1386 01111100,
851 1319 945 1389 qui
1002 1338 1267 1388 agnorum
1322 1318 1542 1370 nomine
1602 1326 1910 1386 censentur,
1968 1326 2186 1388 pastum
2225 1318 2293 1371 ab

214 1411 406 1466 eodem
445 1418 500 1464 et
537 1410 796 1464 alimenta
832 1411 1251 1482 praestolantur.
1311 1411 1470 1464 Petro
1522 1412 1847 1482 imperatum
1900 1420 1996 1479 est,
2051 1413 2126 1464 ait
2162 1412 2330 1491 Bos:
2400 1430 2554 1462 Bossuet.

218 1507 422 1560 suetius
446 1506 490 1578 2)
531 1513 591 1558 111
629 1525 813 1559 amore
854 1515 1064 1560 ceteros
1104 1505 1399 1577 Apostolos
1439 1505 1806 1574 antecelleret,
1847 1525 1978 1559 mox
2003 1513 2063 1559 ut
2101 1514 2297 1559 cuncta

217 1600 550 1671 gubernaret
600 1607 654 1653 et
702 1608 954 1671 pasceret
1005 1619 1193 1654 omnes
1245 1619 1416 1670 agnos
1457 1606 1510 1652 et
1548 1618 1695 1668 oves,
1735 1599 1875 1653 filios
1916 1606 1970 1652 et
2003 1607 2204 1652 matres
2245 1608 2299 1653 et

213 1696 363 1767 ipsos
405 1712 621 1767 quoque
659 1701 937 1765 pastores:
989 1694 1262 1762 Pastores,
1314 1694 1557 1765 inquam,
1610 1694 1655 1745 si
1692 1692 1882 1764 populi
1919 1695 2298 1764 respiciantur,

217 1808 364 1859 oves,
407 1791 453 1843 si
490 1790 652 1843 Petro
693 1798 1091 1861 comparentur.
1153 1788 1311 1842 Unde
1367 1796 1514 1841 recte
1573 1796 1656 1841 est
1709 1786 1847 1840 illud
1903 1807 1936 1840 a
1987 1785 2234 1842 Gersone
2258 1791 2298 1857 3)

217 1884 673 1953 animadversum,
732 1883 892 1956 quod,
934 1883 1396 1955 quemadmodum
1453 1882 1701 1954 episcopi
1758 1884 1815 1934 in
1870 1889 1984 1935 tota
2034 1883 2300 1938 dioecesis

217 1978 491 2050 parochiis
533 1997 685 2032 suam
723 1978 1159 2032 iurisdictionem
1198 1984 1475 2046 exercent,
1517 1978 1595 2029 ita
1628 1983 1907 2047 praestare
1946 1976 2092 2030 idem
2130 1979 2302 2049 possit

221 2091 461 2126 summus
499 2072 748 2144 pontifex
785 2073 842 2126 in
881 2080 1012 2141 tota,
1065 2092 1172 2143 qua
1223 2072 1330 2125 late
1382 2080 1533 2143 patet
1572 2071 1822 2140 ecclesia,
1864 2079 1917 2124 et
1953 2073 2011 2125 in
2049 2071 2299 2125 omnibus

224 2166 568 2222 dioecesibus
609 2169 1004 2239 episcoporum.
1071 2166 1231 2233 Quod
1271 2167 1460 2220 divina
1496 2166 1667 2221 verba
1703 2167 2091 2238 patefecerant,
2133 2165 2299 2237 quod-

224 2279 328 2332 que
370 2279 595 2315 concors
632 2261 855 2315 Patrum
913 2263 1183 2315 sententia
1238 2261 1567 2332 prodiderat,
1624 2261 1682 2313 id
1732 2280 1765 2313 a
1802 2260 2048 2314 conciliis
2085 2279 2301 2331 quoque

223 2353 655 2420 luculenti-ssime
695 2355 975 2409 definitum
1015 2364 1125 2424 est3
1179 2374 1246 2408 ea
1308 2357 1511 2426 quippe
1551 2374 1819 2408 summum
1856 2364 2210 2425 agnoverunt,
2251 2362 2305 2408 01

225 2448 507 2502 coluerunt
544 2449 601 2502 in
659 2468 883 2503 romano
923 2449 1180 2520 pontifice
1230 2449 1537 2519 primatum,
1592 2467 1687 2501 seu
1737 2449 2100 2519 principatum
2141 2439 2306 2519 super

223 2544 537 2597 universam
594 2542 901 2611 ecclesiam,
963 2542 1239 2596 cumulum
1302 2542 1514 2596 scilicet
1570 2545 1856 2613 potestatis
1909 2550 1961 2596 et
2000 2542 2304 2596 ordinariae

225 2638 616 2691 iurisdictionis
652 2657 816 2709 super
854 2656 1042 2691 omnes
1084 2646 1137 2690 et
1177 2636 1420 2716 singulas
1462 2637 1716 2690 catholici
1744 2637 1890 2691 orbis
1918 2637 2197 2691 dioeceses
2237 2637 2307 2690 ad

228 2751 420 2786 causas
460 2733 623 2786 etiam
661 2732 1016 2799 definiendaS,
1076 2751 1214 2803 quae
1279 2741 1372 2785 aut
1426 2731 1591 2784 fidem
1623 2732 1921 2802 respiciant
1959 2741 2051 2784 aut
2088 2732 2307 2803 negotia

230 2833 476 2898 spectent
513 2827 583 2880 ad
622 2826 1056 2880 ecclesiasticum
1108 2826 1284 2879 forum
1334 2826 1710 2897 pertinentia„
1767 2825 1832 2877 Id
1884 2825 2027 2897 quod
2064 2825 2211 2878 illico
2250 2826 2308 2877 in

229 2919 469 2974 medium
507 2919 687 2973 allatis
726 2919 963 2991 plurium
1004 2919 1356 2973 conciliorum
1413 2919 1482 2972 ad
1519 2939 1634 2973 rem
1674 2919 1885 2973 idoneis
1919 2919 2306 2989 documentis4)

230 3020 341 3066 tam
379 3013 732 3067 orientalibus
783 3032 946 3085 quam
997 3012 1426 3066 occidentalibus
1478 3014 1892 3066 demonstratur.
1958 3013 2067 3066 Sed
2116 3021 2175 3066 ut
2223 3013 2308 3065 his

232 3106 368 3160 nihil
407 3107 551 3179 quod
591 3107 868 3161 desideres
908 3107 975 3161 ad
1016 3102 1318 3161 claritatem
1358 3108 1527 3177 deest,
1567 3110 1643 3162 ita
1682 3108 1752 3161 ad
1778 3108 2100 3179 gravitatem
2127 3114 2308 3161 aucto-

181 3259 184 3263 ,
231 3201 554 3272 ritatemque
592 3200 730 3254 nihil
769 3201 915 3272 quod
953 3201 1121 3255 addas
1159 3200 1503 3274 relinquitur.

421 3549 447 3604 Ι)
479 3550 547 3593 De
578 3550 835 3595 considerat.
865 3551 896 3595 l.
928 3552 986 3595 II.
1018 3565 1082 3596 cc.
1115 3550 1155 3596 6.
1188 3550 1229 3595 8.
1263 3553 1419 3607 quibus
1452 3551 1517 3595 usi
1547 3565 1695 3595 sumus
1725 3553 1798 3597 lib.
1831 3566 1926 3608 sup.
1956 3552 1984 3595 l.
2019 3568 2055 3595 0.

416 3623 452 3676 ²)
485 3622 578 3665 Ser.
610 3624 663 3665 de
692 3625 799 3667 unit.
833 3625 989 3668 eccleS.

416 3692 454 3747 ³)
485 3695 553 3735 De
585 3699 701 3736 statu
732 3695 888 3736 eccles.
921 3695 1180 3736 considerat.
1211 3696 1293 3739 ΙΙΙ.
1327 3696 1394 3739 ed.
1426 3697 1590 3750 Dupin.
1622 3697 1835 3751 Antverp.
1869 3696 1996 3743 1706.

356 3825 360 3827 ,
419 3766 452 3822 ⁴)
484 3767 552 3808 De
582 3767 650 3808 his
680 3768 844 3822 pariter
875 3768 1155 3822 exposuimus
1185 3767 1262 3811 lib.
1284 3781 1378 3821 sup.
1410 3768 1439 3811 l.
1472 3782 1507 3810 c.

1927 4006 1929 4008 ’
1973 4027 2056 4074 13*

2417 1800 2566 1834 Gereon.
