2716 4446
102 2312 262 2345 Romana
293 2313 431 2346 Unitae.

173 2675 261 2710 Tim.
276 2675 311 2711 I.
327 2675 382 2710 1⁷.

1164 342 1167 346 s
1242 352 1310 397 10.
1340 354 1564 395 Romanus
1597 348 1780 406 ἡγεμών.

643 497 763 552 139.
801 496 995 567 Itaque
1033 495 1091 548 in
1130 494 1400 548 catholica
1436 495 1540 548 hac
1596 502 1650 548 et
1687 494 1986 549 universali
2032 497 2362 566 oeconomia,
2404 516 2542 569 quae

468 611 537 645 ex
576 589 888 644 hominibus
949 589 1007 642 in
1070 596 1300 660 utraque
1341 590 1644 642 constitutis
1685 591 1943 644 societate
1989 597 2104 644 tum
2140 591 2377 645 naturali
2429 599 2545 646 tum

469 682 869 756 supernaturali
888 683 930 754 ¹)
990 681 1277 751 coalescit,
1337 682 1620 735 evidenter
1674 682 1778 736 hoc
1834 691 2084 755 apparet,
2142 683 2199 735 τὸ
2258 683 2544 752 ἡγεμονικὸν

469 797 587 833 esse
626 796 856 849 esseque
914 777 1132 831 omnino
1191 775 1391 829 debere
1449 778 1595 848 apud
1647 797 2018 832 successorem
2056 779 2219 848 Petri,
2259 797 2421 851 quem
2459 779 2544 832 sui

467 875 523 926 in
562 873 719 926 terris
757 871 1024 925 vicarium
1051 870 1299 924 Christus
1328 872 1446 942 ipse
1473 872 1615 940 fecit,
1645 891 1806 944 quem
1834 873 1890 926 in
1916 892 2140 926 romana
2167 873 2426 928 cathedra
2450 893 2541 928 no-

467 968 644 1020 vimus
682 967 882 1037 iugiter
918 965 1129 1035 florere,
1172 984 1443 1038 quemque
1483 966 1617 1020 adeo
1653 966 1763 1020 Dei
1798 967 1972 1021 instar
2007 970 2278 1022 terrestris
2298 968 2342 1042 ⁹)
2381 967 2543 1023 Vete-

467 1080 553 1115 res
591 1059 849 1114 habuere.
892 1058 1030 1114 Cum
1057 1079 1120 1115 eo
1159 1078 1320 1131 porro
1361 1061 1818 1132 quemadmodum
1838 1060 1882 1133 ³)
1922 1080 2108 1116 omnes
2136 1081 2267 1116 oves
2294 1070 2348 1116 et
2373 1081 2546 1134 agnos

469 1157 767 1209 convenire
795 1163 1035 1226 oportet3
1074 1156 1152 1208 ita
1188 1164 1249 1209 ut
1287 1156 1630 1224 conveniant,
1651 1163 1882 1227 possunt
1920 1155 1988 1209 ab
2027 1156 2122 1210 illo
2162 1175 2349 1211 omnes
2374 1165 2537 1229 atque

465 1269 562 1321 pro
586 1269 682 1303 suo
703 1249 904 1303 iudicio
927 1249 1130 1303 debent
1147 1250 1216 1303 ab
1243 1250 1434 1303 eodem
1455 1249 1736 1320 adstringi.
1764 1250 1835 1303 Et
1860 1270 2075 1304 rursum
2099 1252 2256 1305 sicuti
2275 1253 2333 1305 in
2354 1251 2542 1305 ordine

467 1345 743 1398 societatis
783 1343 1196 1416 supernaturali,
1238 1345 1332 1416 qui
1371 1344 1441 1398 ad
1478 1363 1758 1398 romanam
1788 1347 2051 1399 unitatem
2088 1347 2379 1418 pertinent,
2420 1353 2545 1399 sunt

466 1458 634 1492 unum
674 1457 861 1493 omnes
900 1458 1024 1492 cum
1062 1440 1182 1510 ipso
1210 1438 1304 1492 illo
1332 1457 1426 1492 cor
1453 1446 1507 1492 et-
1531 1440 1714 1492 anima
1740 1459 1863 1507 una,
1894 1448 1948 1493 et
1973 1458 2081 1507 una
2105 1458 2204 1511 per
2227 1440 2405 1511 ipsum
2433 1458 2542 1492 om-

467 1534 617 1587 nium
645 1533 797 1603 fides,
827 1553 996 1587 unum
1021 1534 1262 1587 omnium
1301 1532 1591 1604 baptisma,
1630 1553 1770 1587 unus
1811 1534 2049 1587 omnium
2076 1534 2194 1605 ipse
2221 1541 2406 1605 pastor
2431 1541 2542 1602 est;

466 1628 542 1680 ita
567 1628 623 1680 in
646 1627 832 1680 ordine
861 1646 925 1681 ac
951 1646 1048 1699 pro
1077 1627 1265 1681 ordine
1295 1629 1571 1681 societatis
1598 1627 1833 1682 naturali
1861 1647 2156 1699 expressus
2182 1628 2371 1681 itidem
2395 1626 2542 1680 illius

467 1721 749 1775 character
774 1729 827 1774 et
855 1722 1075 1793 spiritus
1102 1722 1359 1793 principii
1382 1722 1554 1775 instar
1579 1722 1813 1795 vitalis4)
1843 1741 1939 1776 seu
1964 1723 2320 1776 moderatoris
2347 1722 2430 1791 sit,
2460 1741 2540 1775 se-

467 1816 702 1870 cundum
719 1835 880 1888 quem
893 1817 1128 1887 primum
1143 1826 1305 1888 atque
1327 1835 1640 1889 supremum
1655 1817 1958 1889 dirigantur
1977 1818 2172 1881 omnia,
2186 1817 2542 1888 disponantur

468 1919 522 1966 et
540 1911 862 1978 efficiantur,
882 1920 941 1966 ut
962 1913 1346 1966 contrarietate
1369 1920 1423 1966 et
1442 1914 1783 1984 oppositione
1804 1914 2019 1966 interna
2040 1919 2094 1965 et
2113 1920 2342 1966 externa
2361 1910 2538 1965 subla-

466 2014 537 2076 ta,
566 2006 848 2061 harmonia
869 2025 933 2060 ac
962 2014 1256 2061 concentus
1284 2007 1568 2078 utriusque
1590 2007 1880 2075 societatiS,
1902 2015 2015 2059 tum
2042 2005 2316 2077 profectus
2336 2023 2400 2058 ac
2418 2022 2538 2075 per-

466 2100 628 2154 fectio
666 2100 947 2155 hominum
986 2100 1282 2154 fruentium
1333 2101 1614 2172 utriusque
1661 2099 1808 2153 illius
1847 2099 2127 2153 beneficiis
2164 2101 2378 2170 integra
2415 2117 2539 2153 con·-

468 2195 675 2263 sistant,
717 2202 881 2267 atque
922 2194 1137 2266 plenius
1175 2195 1331 2248 iuxta
1369 2193 1667 2247 stabilitum
1705 2194 1815 2247 Dei
1852 2194 2095 2248 ordinem
2135 2193 2495 2250 obtineantur.

641 2289 761 2344 140.
789 2288 1085 2342 Enimvero
1107 2288 1184 2342 ita
1202 2288 1550 2342 manifestum
1588 2288 1663 2356 fit,
1705 2289 1986 2342 credentes
2026 2296 2187 2361 atque
2212 2288 2401 2342 fideles
2426 2288 2542 2342 uni-

463 2382 589 2436 tatis
626 2382 791 2451 illius,
832 2402 993 2454 quam
1032 2383 1437 2454 descripsimuS,
1477 2384 1534 2436 in
1573 2383 1824 2437 omnibus
1852 2384 2054 2437 servire
2082 2390 2244 2455 atque
2271 2382 2542 2436 subiectos

467 2494 587 2530 esse
628 2474 863 2546 Christo,
902 2484 955 2531 et
994 2476 1273 2531 Christum
1311 2477 1709 2548 redemptorem
1761 2496 1882 2530 esse
1932 2485 2044 2530 tam
2095 2480 2336 2531 omnium
2371 2477 2541 2531 homi-

465 2590 595 2624 num
635 2589 799 2643 quam
838 2571 1075 2624 hominis
1113 2573 1297 2640 totiuS‚
1339 2580 1393 2625 et
1428 2572 1676 2626 homines
1715 2571 1944 2642 gloriam
1983 2571 2111 2625 dare
2150 2572 2208 2625 in
2234 2570 2450 2625 Christo
2489 2577 2543 2623 et

464 2683 564 2736 per
602 2663 879 2718 Christum
916 2667 975 2718 in
1013 2665 1263 2719 omnibus
1302 2666 1441 2734 De0‚
1484 2667 1572 2719 cui
1611 2665 1709 2719 soli
1746 2665 1919 2720 honor
1957 2673 2010 2719 et
2033 2665 2207 2737 gloria
2229 2665 2287 2718 in
2325 2662 2541 2718 saecula

469 2757 826 2812 saeculorum.
890 2758 1063 2831 Atqui
1114 2759 1218 2814 hoc
1269 2778 1378 2813 non
1427 2760 1488 2813 fit
1526 2761 1583 2812 in
1621 2758 1836 2813 Christo
1877 2767 1930 2813 et
1967 2778 2066 2830 per
2105 2758 2396 2828 Christum,
2435 2758 2542 2811 nisi

469 2851 722 2923 copulata
758 2851 1038 2906 hominum
1080 2854 1354 2922 societate,
1394 2854 1474 2906 uti
1502 2860 1730 2923 oportet,
1758 2872 1881 2906 cum
1908 2853 2133 2906 fundata
2157 2852 2265 2906 Dei
2291 2851 2539 2920 ecclesia,

468 2967 607 3020 quae
663 2967 774 3001 non
830 2955 913 3001 est
969 2947 1079 3001 alia
1127 2947 1197 3001 ab
1238 2948 1472 3002 ecclesia
1512 2948 1793 3017 catholica,
1834 2956 1888 3002 et
1925 2967 1991 3002 ea
2027 2948 2246 3020 quidem
2281 2947 2542 3017 insignita

466 3041 860 3114 propemodum
886 3042 1283 3114 obsignataque
1312 3042 1625 3096 charactere
1665 3043 1956 3097 cathedrae
1994 3061 2266 3111 romanae,
2307 3059 2446 3114 quae
2483 3042 2540 3095 in

651 3336 679 3391 ¹)
709 3337 780 3377 En
805 3335 1027 3377 Christum
1057 3348 1111 3377 ex
1133 3333 1283 3376 divina
1307 3339 1351 3377 et
1370 3333 1562 3377 humana
1591 3338 1748 3376 natura
1769 3338 2037 3376 constantem
2060 3333 2245 3376 sublime
2264 3331 2373 3374 illud
2394 3344 2539 3375 exem-

467 3406 576 3463 plar,
596 3408 653 3450 ad
674 3409 797 3449 cuius
819 3403 1066 3458 ἀναλογίαν
1088 3419 1338 3461 expressam
1361 3407 1548 3448 diximus
1581 3407 1902 3461 copulationem
1929 3407 2149 3448 societatis
2169 3406 2386 3448 humanae
2407 3410 2539 3459 atque

469 3481 644 3522 divinae
675 3481 749 3522 lib,
782 3494 879 3535 sup.
914 3494 1009 3534 cap.
1040 3480 1098 3523 ΙΙ.
1129 3493 1172 3523 n.
1204 3478 1304 3523 ΧΠ.
1337 3478 1380 3524 7.
1410 3494 1454 3534 p.
1484 3478 1555 3522 41.
1590 3479 1689 3523 coll,
1721 3479 1774 3521 de
1803 3479 1962 3533 triplic.
1996 3479 2089 3522 ord.
2122 3493 2160 3522 c.
2190 3477 2272 3522 111.

643 3551 680 3606 ²)
711 3553 884 3594 Vocant
928 3553 1149 3593 enimvero
1190 3551 1312 3592 Petri
1355 3564 1653 3592 successorem
1696 3564 1787 3592 non
1831 3550 1959 3592 modo
2007 3550 2169 3592 Christi
2213 3550 2438 3601 vicarium,
2462 3546 2540 3590 sed

468 3626 617 3680 ipsum
646 3620 758 3666 θεὸν
789 3622 1012 3678 finiretur:
1044 3623 1098 3665 de
1130 3637 1216 3678 quo
1248 3623 1303 3664 cf.
1335 3623 1391 3664 ad
1422 3627 1559 3667 const.
1591 3636 1661 3676 ap.
1680 3623 1709 3666 1.
1731 3622 1788 3665 ΙΙ.
1810 3636 1847 3664 0.
1871 3620 1941 3665 26.
1967 3621 2153 3665 Coteler.
2179 3626 2213 3665 t.
2231 3622 2266 3665 Ι.
2287 3635 2330 3676 p.
2351 3619 2452 3664 241.

645 3697 683 3752 ⁸)
714 3698 783 3740 Ita
813 3699 900 3738 iam
944 3697 1152 3738 Irenaeus
1197 3695 1296 3738 adv,
1342 3694 1504 3735 haeret.
1555 3693 1583 3735 1.
1625 3693 1707 3737 111.
1749 3707 1785 3736 c.
1816 3691 1858 3737 3.
1898 3693 1951 3735 de
1983 3706 2068 3747 quo
2108 3693 2209 3734 vide
2248 3693 2309 3734 sis
2336 3692 2411 3735 lib.
2442 3703 2537 3745 sup.

472 3781 512 3814 c.
542 3769 625 3814 111.
657 3783 699 3813 n.
729 3769 811 3813 IV.
844 3767 882 3812 1.
913 3782 957 3822 p.
987 3765 1060 3811 80.

648 3840 681 3895 ⁴)
714 3841 1043 3895 Qualiscunque
1083 3839 1266 3881 rationis
1306 3851 1360 3879 ac
1400 3837 1566 3879 formae
1607 3837 1664 3879 sit
1694 3838 1913 3879 societatis
1944 3835 2084 3878 civilis
2112 3836 2319 3890 regimen,
2351 3835 2390 3877 si
2419 3835 2537 3877 cives

471 3925 573 3955 vere
604 3914 829 3956 christiani
859 3913 1152 3967 catholicique
1182 3912 1284 3962 sint,
1325 3914 1495 3965 oportet
1526 3909 1687 3952 Christi
1717 3911 1894 3965 spiritus
1923 3912 2121 3964 penetret
2147 3907 2297 3950 fideles
2329 3909 2536 3950 constitu-

471 3989 539 4030 tos
570 3987 662 4028 sive
690 3987 737 4028 in
768 3987 976 4029 societate
1006 3984 1286 4028 monarchica
1315 3985 1409 4026 sive
1438 3984 1485 4025 in
1514 3982 1740 4037 republica
1769 3994 1920 4027 omnes
1951 3985 1993 4024 et
2021 3983 2151 4024 totos.
