2716 4446
1395 115 1741 175 ...84-

535 259 977 314 communitatem
1015 259 1254 329 ipsorum
1293 258 1442 311 dedit
1478 260 1530 311 ei
1580 257 1762 311 verbis
1807 257 1943 312 illis:
1983 267 2041 312 tu
2081 278 2293 332 quoque
2315 260 2604 333 aliquando

194 364 498 397 Petvieminentia·
532 361 849 406 convertere
890 359 943 404 et
971 352 1228 404 confirma
1253 352 1444 404 fratres
1471 359 1608 408 tuos,
1683 352 2012 407 Potestatem
2039 363 2220 408 autem
2248 373 2411 426 super
2437 363 2604 410 totam

255 2619 326 2651 Leo
351 2620 400 2654 M.

200 2758 362 2797 Βοηιζίαε.
386 2766 475 2797 pap.

194 3403 302 3435 Pauli
328 3414 350 3435 α
377 3405 477 3437 Petro

227 3447 427 3482 discrimen.

494 478 498 481 ·
528 447 966 499 communitatem
994 445 1034 514 ¹)
1074 465 1276 514 eorum,
1318 446 1411 516 qui
1449 447 1803 500 instituuntur
1831 446 2293 521 (christianorum)
2335 450 2604 503 concessit

528 541 578 593 ei
615 541 672 592 in
710 541 958 610 pastione
997 557 1290 608 agnorum,
1352 539 1534 591 ovium
1592 547 1645 592 et
1700 539 2087 610 ovicularum.„

700 633 785 687 80.
805 631 1079 685 Videlicet
1100 633 1386 702 episcopus
1408 634 1710 685 animarum
1725 633 1993 686 Dominus
2013 636 2327 706 priusquam
2348 637 2405 689 in
2425 635 2606 691 coelos

524 726 740 794 rediret,
765 745 921 779 suum
942 727 998 778 in
1018 727 1178 778 terris
1199 726 1463 779 vicarium
1481 728 1759 780 constituit
1779 729 2016 799 itemque
2033 728 2249 782 visibile
2271 729 2606 784 credentium

525 826 703 890 caput,
739 820 826 872 cui
846 819 1072 890 proinde
1093 821 1268 890 ipsam
1297 821 1718 874 communicavit
1742 823 2025 892 potestatis
2051 822 2107 874 in
2133 823 2397 893 regimine
2434 823 2605 894 pleni·-

523 914 766 967 tudinem
793 932 857 966 ac
898 933 1176 980 summam,
1222 932 1327 985 quo
1367 914 1538 983 fieret,
1579 923 1639 968 ut
1676 934 1785 968 non
1812 915 1971 969 modo
1999 923 2265 986 potestate
2293 935 2457 988 super
2480 916 2604 971 reli-

525 1026 660 1078 quos
689 1014 1128 1078 esset'regenteS‚
1160 1007 1348 1079 quales
1377 1009 1620 1079 episcopi
1648 1017 1786 1076 sunt,
1815 1009 2206 1080 metropolitae,
2233 1010 2604 1081 patriarchae3

525 1101 622 1154 sed
660 1108 720 1154 ut
758 1109 988 1154 statutus
1048 1110 1192 1154 esset
1249 1109 1437 1154 auctor
1493 1103 1550 1154 in
1604 1102 1707 1154 hac
1758 1101 1962 1155 visibili
2021 1104 2366 1173 oeconomia,
2423 1123 2458 1157 a
2494 1121 2601 1175 quo

528 1194 727 1266 singuli
763 1203 1111 1267 regerentur:
1169 1204 1229 1249 ut
1267 1204 1412 1249 esset
1450 1184 1923 1267 fons'supremu8‚
1981 1196 2047 1250 de
2088 1215 2193 1268 quo
2233 1197 2468 1269 desuper
2505 1217 2605 1253 sua

527 1289 812 1359 potestatis
850 1290 1025 1359 portio
1063 1289 1119 1342 in
1146 1289 1497 1360 patriarchaS‚
1526 1289 1916 1360 metropolitaS‚
1946 1292 2230 1362 episcopos
2257 1290 2520 1345 deflueret
2542 1292 2602 1361 ⁹),

527 1389 690 1453 atque
731 1402 998 1436 summum
1038 1383 1319 1454 exemplar
1357 1391 1529 1453 esset,
1598 1384 1667 1437 ad
1706 1384 1850 1455 quod
1906 1385 1963 1437 in
2022 1384 2351 1438 similaribus
2391 1385 2600 1439 cunctis

526 1476 795 1530 ecclesiae
858 1477 1199 1548 portionibus
1264 1487 1375 1532 tam
1430 1479 1727 1532 maioribus
1785 1499 1945 1552 quam
2004 1479 2305 1533 minoribus
2361 1480 2605 1552 regimen

524 1572 672 1641 exigi
712 1573 1065 1643 exercerique
1116 1571 1354 1625 deberet.
1429 1573 1582 1626 Haec
1622 1591 1751 1626 sane
1791 1581 1874 1626 est
1924 1591 2186 1644 expressa
2207 1574 2254 1645 ³)
2294 1593 2323 1627 e
2365 1572 2604 1644 Scriptu-

521 1684 704 1717 rarum
743 1665 975 1718 oraculis
1015 1665 1237 1718 Patrum
1294 1666 1540 1720 doctrina
1578 1667 1875 1739 eademque
1931 1666 2020 1720 vel
2077 1666 2146 1719 ab
2202 1667 2335 1738 ipsis
2394 1684 2606 1720 conser-

521 1766 649 1812 vata
684 1758 999 1827 haereticiS,
1052 1760 1118 1812 ad
1178 1778 1339 1831 quam
1395 1760 1560 1812 iidem
1598 1762 1677 1813 uti
1732 1760 1802 1813 ad
1846 1762 2064 1826 θεωρίαν
2101 1779 2210 1813 una
2254 1778 2375 1813 cum
2427 1759 2603 1813 ortho-

522 1852 680 1906 doxis
703 1852 749 1924 4)
796 1852 974 1919 πρᾶξιν
1018 1852 1222 1906 vellent
1259 1864 1508 1906 exactam
1555 1853 1925 1925 ecclesiaeque
1971 1857 2246 1923 πολιτείαν,
2304 1860 2603 1908 statuentes

522 1947 764 2017 apprime
790 1946 834 2018 ⁵)
875 1946 942 1999 de
982 1946 1334 1999 ecclesiarum
1368 1947 1631 2017 regimine
1663 1946 1950 2016 „baculum
1975 1945 2391 2018 patriarchalem
2416 1955 2602 2000 tenen-

522 2041 648 2093 dum
672 2083 683 2095 .
706 2082 718 2094 .
741 2081 752 2094 .
792 2040 860 2093 ad
901 2039 1309 2093 similitudinem
1353 2040 1501 2093 Petri
1539 2041 1800 2111 principis
1846 2040 2233 2111 Apostolorum
2284 2048 2339 2094 et
2375 2039 2533 2093 Pauli
2555 2039 2601 2112 ⁶)

521 2134 803 2187 architecti
843 2134 1157 2205 ecclesiae„
1227 2133 1398 2206 Atqui
1436 2134 1813 2206 patriarchalis
1852 2134 2079 2188 baculus
2131 2153 2238 2187 non
2279 2142 2395 2188 erat
2449 2134 2600 2188 dum-

696 2383 728 2437 ¹)
761 2384 843 2424 His
874 2386 1023 2436 aperte
1057 2383 1219 2437 duplex
1249 2382 1509 2424 universalis
1543 2383 1699 2436 capitis
1731 2382 2011 2435 supremique
2042 2382 2230 2435 pastoris
2246 2381 2434 2434 habitus,
2457 2385 2501 2423 et
2521 2394 2602 2436 pro

518 2457 668 2498 habitu
687 2456 847 2510 duplex
877 2456 1009 2497 officii
1040 2457 1150 2496 ratio
1182 2456 1484 2510 distinguitur:
1516 2455 1691 2495 habitus
1722 2454 1833 2495 alter
1862 2453 1918 2494 ad
1938 2454 2055 2507 ipsos
2080 2452 2344 2505 hierarchas,
2365 2453 2476 2495 alter
2494 2465 2598 2494 vero

520 2530 576 2571 ad
606 2533 746 2570 totum
776 2529 921 2582 ipsum
954 2533 1127 2568 coetum
1159 2533 1292 2582 atque
1324 2528 1518 2568 fidelium
1551 2528 1744 2568 omnium
1774 2539 1967 2580 gregem.
2365 2524 2367 2527 ’

698 2601 731 2654 ²)
763 2601 815 2642 Id
846 2600 974 2641 docet
1003 2601 1094 2640 Leo
1127 2600 1189 2643 Μ.
1222 2601 1268 2640 in
1298 2601 1444 2640 anniv.
1476 2602 1688 2652 assumpt.
1722 2611 1827 2638 suae
1867 2611 1951 2641 ser.
1982 2598 2060 2640 IV.
2092 2611 2130 2640 c.
2161 2595 2202 2638 2.
2249 2597 2420 2650 „Quum
2461 2597 2601 2639 multa

521 2675 638 2716 solus
668 2675 823 2714 Petrus
853 2673 1085 2726 acceperit,
1116 2672 1225 2712 nihil
1256 2673 1301 2712 in
1347 2684 1608 2725 quemquam
1654 2671 1739 2710 nisi
1780 2670 1918 2723 ipsius
1964 2669 2296 2722 participatione
2342 2670 2595 2723 transivitz„

522 2747 620 2789 coll.
653 2746 851 2789 Bonifac.
882 2759 988 2799 pap.
1019 2758 1086 2798 ep.
1118 2744 1245 2787 XIV.
1273 2745 1522 2796 „Institutio
1555 2743 1815 2784 universalis
1856 2743 2076 2783 nascentis
2122 2741 2333 2782 ecclesiae
2380 2741 2434 2782 de
2479 2742 2597 2783 beati

520 2819 638 2859 Petri
684 2819 868 2872 sumpsit
914 2817 1078 2857 honore
1128 2817 1407 2869 principium,
1455 2816 1499 2855 in
1532 2827 1618 2869 quo
1648 2815 1844 2868 regimen
1875 2814 1968 2854 eius
2001 2817 2044 2853 et
2073 2826 2242 2854 summa
2273 2813 2493 2868 consistit3
2544 2826 2598 2856 ex

518 2892 612 2932 eius
658 2891 773 2930 enim
819 2889 1117 2930 ecclesiastica
1162 2888 1392 2942 disciplina
1436 2901 1515 2941 per
1559 2900 1707 2928 omnes
1755 2886 1962 2927 ecclesias
2003 2886 2226 2939 religionis
2259 2886 2344 2926 iam
2375 2889 2597 2926 crescente

519 2963 688 3003 cultura
717 2962 836 3003 fonte
857 2962 1092 3014 manavit„

695 3033 728 3088 ³)
759 3034 871 3076 Vide
902 3035 960 3075 sis
992 3034 1189 3088 exposita
1221 3033 1296 3076 lib.
1321 3045 1416 3086 sup.

700 3107 733 3162 ⁴)
764 3091 864 3147 Huc
910 3107 1040 3147 etiam
1086 3105 1339 3146 referendus
1372 3117 1512 3146 canon
1541 3105 1751 3144 nicaenus
1780 3104 1856 3146 VI.
1902 3104 1967 3145 uti
1998 3104 2197 3157 superius
2244 3103 2503 3156 monuimus,
2553 3106 2596 3144 et

522 3180 576 3221 ad
630 3193 760 3234 quem
808 3183 899 3220 tam
946 3179 1018 3220 hic
1066 3178 1265 3219 Jesuiabi
1318 3191 1448 3230 quam
1474 3234 1476 3237 v
1501 3178 1882 3218 oecumenicorum
1933 3189 2074 3216 canon
2119 3175 2250 3229 paulo
2281 3175 2400 3230 prius
2431 3174 2588 3216 allatus

520 3256 668 3307 aperte
701 3252 893 3306 respicit.

697 3322 732 3378 ⁵)
763 3323 893 3377 Apud
923 3322 1144 3363 Ebediesu
1175 3322 1204 3364 l.
1239 3334 1276 3364 c.
1308 3334 1351 3375 p.
1387 3319 1483 3364 157.
1515 3320 1597 3361 col.
1631 3319 1671 3361 1.

694 3395 726 3451 ⁶)
759 3397 927 3447 Quibus
948 3395 1169 3450 praeclare
1189 3394 1421 3434 discrimen
1441 3393 1597 3434 horum
1618 3393 1851 3433 illustrium
1868 3392 2051 3432 duorum
2067 3391 2371 3445 Apostolorum
2389 3389 2592 3444 exprimi-

517 3472 611 3510 tur:
630 3473 696 3510 est
710 3469 867 3509 Petrus
885 3470 1088 3522 princeps
1099 3466 1406 3521 Apostolorum
1421 3466 1614 3507 omnium
1630 3479 1684 3506 ac
1698 3465 1983 3520 singulorum,
1997 3453 2078 3518 qui
2089 3463 2293 3504 collectos
2310 3462 2428 3504 illius
2445 3461 2592 3503 subdi-

516 3545 584 3582 tos
600 3543 756 3594 regunt
772 3541 1000 3594 eidemque
1031 3540 1138 3580 alios
1156 3539 1352 3579 subditos
1370 3539 1602 3592 colligunt;
1636 3542 1679 3578 et
1699 3538 1793 3578 vice
1809 3550 1950 3588 versa,
1981 3538 2019 3577 si
2046 3537 2184 3577 altera
2207 3539 2428 3590 spectetur
2451 3537 2588 3575 meta-

516 3611 678 3665 phora:
713 3614 782 3652 est
807 3611 970 3652 Paulus
1003 3610 1265 3651 architectus
1297 3610 1373 3663 qui
1403 3622 1534 3663 super
1563 3609 1907 3660 fundamentum,
1939 3607 2055 3662 quod
2076 3612 2141 3648 est
2163 3607 2329 3658 Petrus,
2362 3605 2592 3646 ecclesiam

516 3682 602 3723 Dei
630 3682 845 3726 aedificat.
878 3683 984 3723 Inde
1006 3684 1169 3723 feratur
1203 3682 1255 3723 de
1277 3683 1504 3735 utriusque
1535 3681 1733 3735 Apostoli
1762 3685 1851 3721 tam
1883 3679 2142 3721 excellentia
2172 3691 2302 3732 quam
2330 3676 2591 3717 necessitate

517 3754 725 3795 iudicium
774 3758 817 3796 et
864 3754 1107 3808 colligatur,
1159 3767 1236 3795 cur
1282 3758 1466 3806 uterque
1517 3753 1806 3793 communiter
1833 3751 2020 3792 maxime
2049 3750 2096 3790 in
2139 3747 2364 3788 fundanda
2402 3746 2590 3786 ecclesia

518 3826 748 3880 principali
779 3831 824 3867 et
853 3826 1091 3879 exemplari
1123 3826 1426 3878 coniungatur.
1459 3823 1638 3865 Scilicet
1666 3823 1823 3864 Petrae
1853 3818 2171 3862 fundamentali
2200 3831 2228 3858 a
2244 3816 2417 3858 Christo
2446 3817 2588 3857 iactae

517 3895 690 3939 additus
721 3896 899 3948 Paulus,
929 3909 1007 3952 per
1038 3909 1166 3951 quem
1199 3895 1397 3937 Christus
1428 3908 1560 3950 super
1590 3894 1706 3935 illam
1741 3892 1987 3937 aedificaret
2017 3890 2243 3932 ecclesiam
2276 3901 2424 3930 suam:
2457 3900 2583 3944 prae·
