2716 4446
137 1048 295 1082 Veritatis
310 1051 385 1085 lux.

158 1430 346 1464 possessor.

168 2084 369 2119 Hormisda.

167 2653 239 2686 Vox
254 2653 355 2685 vitae.

216 2841 295 2874 Leo.

1307 126 1532 190 -262
1586 160 1658 173 —

442 273 778 346 perennique
806 271 1072 326 adiutorio
1101 271 1226 341 Dei,
1255 290 1326 325 ex
1351 272 1455 327 hoc
1481 273 1627 327 fonte
1654 275 1712 327 in
1739 280 1912 328 totum
1936 273 2123 329 orbem
2161 294 2273 347 pax
2297 276 2424 331 fidei
2463 284 2519 332 et

444 366 743 421 catholicae
803 367 1079 419 societatis
1136 365 1303 419 nullis
1361 366 1599 420 nubibus
1662 367 2018 422 interfuscata
2073 362 2395 441 mittaturm‘
2444 371 2520 426 At

443 461 564 533 quis
603 467 831 531 negaret
869 459 1019 529 fonti,
1060 459 1204 513 unde
1243 467 1428 513 manat
1465 461 1788 531 purissimae
1827 462 1955 516 fidei
1991 482 2129 534 pax,
2171 472 2225 518 et
2263 466 2516 520 continuo

441 555 859 626 perenniterque
917 561 1117 622 manat,
1178 553 1638 624 inperturbabiles
1690 555 1935 609 eiusdem
1979 557 2107 611 fidei
2145 559 2356 631 aquas?

613 651 734 705 290.
765 649 873 703 Sed
900 649 1051 704 addit
1079 649 1270 702 similis
1298 651 1523 703 rationis
1551 651 1866 722 suffragium
1891 659 2080 706 auctor
2105 652 2422 724 appendicis
2449 652 2519 706 ad

443 745 725 817 epistolam
757 743 1055 798 Coelestini
1083 745 1150 797 ad
1180 746 1466 816 episcopos
1495 743 1737 798 Galliae:
1770 747 1866 815 „In
1893 765 2054 818 quam
2073 766 2172 801 nos
2195 749 2518 802 sententiam

442 840 628 909 dirigit
653 839 848 893 beatae
871 839 1267 893 recordationis
1289 858 1465 910 papae
1487 840 1695 893 Zosimi
1717 840 1984 911 regularis
2006 841 2368 913 auetoritas¹)‚
2398 859 2519 909 cum

443 934 688 987 scribens
728 933 798 986 ad
835 935 999 987 totius
1040 933 1186 987 orbis
1228 935 1515 1004 episcopos
1555 936 1657 987 ait:
1722 934 1835 987 Nos
1892 943 2075 988 autem
2112 935 2373 989 instinctu
2409 934 2520 989 Dei

444 1035 544 1081 etc.
582 1028 745 1080 Hunc
785 1046 1088 1081 sermonem
1129 1028 1531 1082 sincerissimae
1572 1028 1817 1082 veritatis
1868 1028 1991 1082 luce
2029 1029 2331 1083 radiantem
2367 1036 2516 1083 tanto

442 1096 560 1175 Affi
600 1122 845 1193 episcopi
883 1122 1086 1176 honore
1126 1123 1372 1176 venerati
1413 1131 1553 1191 sunt,
1605 1132 1664 1176 ut
1714 1125 1791 1176 ita
1840 1123 1910 1176 ad
1948 1123 2181 1177 eundem
2218 1123 2395 1178 virum
2434 1141 2516 1177 re-

442 1215 768 1270 scriberent:
812 1216 956 1270 Illud
995 1236 1125 1271 vero
1166 1217 1312 1289 quod
1350 1218 1408 1270 in
1446 1217 1658 1286 litteris,
1697 1236 1830 1289 quas
1872 1217 1941 1270 ad
1977 1218 2262 1271 universas
2299 1219 2516 1289 provin-

442 1311 552 1364 cias
592 1311 794 1365 curasti
833 1331 953 1365 esse
992 1312 1283 1366 mittendas
1322 1313 1554 1383 posuisti
1592 1312 1796 1382 dicens,
1834 1312 1947 1366 Nos
1987 1319 2164 1366 autem
2204 1322 2339 1383 etc.„
2381 1311 2516 1365 Tale

442 1407 759 1477 suffragium
785 1407 890 1460 fert
918 1408 1206 1462 Possessor
1233 1407 1462 1480 epistola
1486 1409 1530 1480 2)
1559 1408 1686 1461 data
1706 1407 1775 1460 ad
1796 1407 2172 1461 Hormisdam:
2216 1407 2427 1478 „Decet
2463 1415 2518 1461 et

442 1502 665 1572 expedit
702 1500 771 1554 ad
810 1502 1003 1572 capitis
1059 1521 1339 1556 recurrere
1395 1502 1869 1567 medicamentum,
1925 1503 2175 1573 quotiens
2232 1501 2411 1572 agitur
2447 1500 2515 1554 de

442 1597 673 1649 sanitate
712 1596 1095 1652 membrorum.
1138 1596 1275 1664 Quis
1316 1597 1460 1650 enim
1501 1596 1763 1650 maiorem
1822 1597 1968 1650 circa
2006 1595 2278 1650 subiectos
2319 1594 2515 1648 sollici-

440 1690 685 1744 tudinem
723 1692 880 1761 gerit,
934 1698 1028 1744 aut
1076 1710 1108 1743 a
1160 1710 1265 1763 quo
1313 1692 1488 1761 magis
1540 1699 1622 1744 est
1672 1691 1910 1744 nutantis
1947 1690 2077 1743 fidei
2116 1689 2382 1743 stabilitas
2421 1709 2514 1743 ex-

442 1785 755 1856 spectanda,
798 1804 962 1856 quam
1019 1785 1088 1839 ab
1127 1786 1243 1839 eius
1290 1786 1435 1839 sedis
1473 1785 1741 1857 praeside,
1789 1787 1943 1838 cuius
1982 1785 2188 1856 primus
2227 1804 2260 1838 a
2298 1783 2513 1838 Christo

441 1889 619 1934 rector
655 1880 879 1949 audivit,
939 1880 1023 1934 Tu
1079 1900 1137 1934 es
1195 1881 1390 1934 Petrus
1449 1889 1504 1934 et
1559 1900 1722 1951 super
1776 1880 1917 1933 hanc
1965 1888 2174 1951 petram
2214 1877 2514 1933 aedificabo

442 1973 733 2028 ecclesiam
771 1994 962 2030 meam.
976 2016 1001 2045 „
1047 1973 1156 2028 Sed
1194 1977 1251 2027 in
1291 1995 1390 2028 sua
1428 1974 1510 2027 illi
1547 1974 1675 2028 data
1699 1974 1743 2046 ³)
1782 1977 2137 2046 responsione
2176 1972 2514 2046 praeclarum

440 2069 630 2123 itidem
670 2068 986 2140 suffragium
1026 2069 1131 2122 fert
1155 2068 1476 2122 Hormisda:
1520 2067 1708 2139 „Sicut
1731 2069 1928 2122 rationi
1955 2070 2219 2139 congruit,
2247 2067 2539 2138 inquiens,
2608 2104 2610 2107 -

442 2171 501 2218 ut
539 2162 824 2216 consulant
874 2162 1233 2233 ambigenteS,
1279 2163 1357 2216 ita
1400 2181 1500 2234 par
1549 2170 1631 2216 est
1680 2162 2010 2234 respondere
2049 2161 2351 2231 consultos;
2391 2162 2519 2232 quia
2603 2219 2606 2222 ,

440 2260 558 2330 ipsc
598 2244 828 2330 impellit
863 2259 919 2310 in
959 2276 1212 2326 errorem,
1254 2259 1347 2329 qui
1386 2276 1494 2311 non
1532 2258 1751 2311 instruit
1776 2259 2146 2329 ignorantem„
2190 2298 2202 2311 .
2244 2297 2256 2309 .
2296 2298 2310 2312 .
2351 2256 2518 2327 Atqui

443 2360 622 2406 certus
663 2370 880 2423 semper
913 2370 979 2404 ac
1018 2353 1073 2405 in
1110 2351 1215 2405 fide
1255 2358 1402 2405 tutus
1430 2370 1654 2422 prorsus
1683 2353 1752 2405 sit
1772 2359 1996 2424 oportet,
2031 2344 2131 2424 qui*
2149 2351 2516 2423 ambigentem

443 2448 690 2519 quemvis
731 2447 1213 2519 consulentemque
1253 2448 1519 2500 instruere
1546 2448 1751 2517 iugiter
1771 2455 1992 2518 paratus
2031 2464 2151 2500 esse
2191 2444 2368 2499 debet2
2406 2443 2516 2497 Sed

442 2548 726 2612 praeterea
781 2541 890 2594 tale
950 2542 1268 2611 suffragium
1319 2541 1424 2594 fert
1463 2549 1683 2594 sanctus
1720 2541 1834 2594 Leo
1858 2541 1903 2613 4)
1943 2561 1976 2594 a
2014 2559 2120 2611 quo
2158 2557 2270 2592 vox
2306 2537 2516 2592 romani

444 2635 715 2706 pontificis
772 2635 971 2688 dicitur
1027 2654 1147 2688 esse
1208 2654 1352 2705 „vox
1390 2635 1552 2703 vitae,
1616 2642 1669 2687 et
1723 2637 1865 2687 sicut
1916 2634 2254 2687 confessores
2294 2650 2418 2685 suos
2458 2631 2514 2684 in

444 2728 702 2782 coelestia
737 2728 1004 2799 provehit,
1042 2731 1119 2781 ita
1157 2736 1443 2800 negatores
1482 2728 1552 2781 ad
1589 2727 1827 2780 infernos
1854 2727 2170 2797 demergit„
2212 2726 2315 2787 Est
2350 2725 2514 2796 igitur

444 2843 555 2877 vox
593 2824 781 2877 salutis
839 2842 903 2877 ac
960 2825 1330 2893 necessitatis3
1391 2824 1487 2876 sed
1540 2842 1610 2876 ex
1662 2822 1853 2876 eodem
1903 2822 2088 2876 Leone
2125 2841 2236 2875 vox
2273 2830 2357 2875 est
2392 2838 2512 2891 per·

447 2918 621 2971 fectae
660 2919 926 2973 iustitiae:
971 2918 1190 2987 „Manet
1229 2937 1374 2989 erge,
1415 2918 1592 2989 inquit
1615 2917 1659 2989 ⁵)
1698 2917 1846 2970 Petri
1870 2915 2248 2987 privilegium3
2289 2913 2513 2967 ubicun-

445 3030 550 3084 que
589 3032 661 3065 eX
699 3014 870 3083 ipsius
911 3013 1083 3066 fertur
1120 3014 1395 3085 aequitate
1434 3013 1710 3081 iudicium,
1770 3032 1872 3065 nec
1911 3012 2079 3065 nimia
2117 3019 2198 3064 est
2238 3008 2325 3062 vel
2364 3027 2512 3062 seve·

443 3110 576 3161 ritas
615 3106 703 3161 vel
739 3108 1006 3176 remissi0‚
1043 3107 1138 3160 ubi
1174 3107 1310 3160 nihil
1348 3108 1450 3160 erit
1486 3107 1713 3178 ligatum
1751 3106 1886 3160 nihil
1936 3106 2187 3174 solutum,
2225 3105 2332 3158 nisi
2369 3101 2514 3174 quod
2599 3156 2603 3161 ,

444 3201 636 3255 beatus
692 3200 887 3255 Petrus
943 3208 1038 3254 aut
1092 3200 1344 3271 ligaverit
1400 3208 1495 3254 aut
1550 3199 1821 3271 solverit„

624 3487 655 3540 ¹)
687 3486 918 3529 Pontificia
947 3485 1185 3527 auctoritas
1215 3484 1413 3540 regulam
1443 3485 1563 3527 facit.

623 3560 657 3612 ²)
688 3561 759 3601 Ex
787 3559 895 3600 urbe
937 3556 1304 3611 constantinopol.
1347 3558 1480 3599 missa
1519 3557 1574 3598 de
1613 3557 1736 3599 librIs
1767 3557 1921 3619 Fausti
1949 3556 2134 3599 reiensis
2163 3569 2234 3611 ap.
2266 3553 2381 3608 Aug.
2410 3565 2510 3607 opp.

447 3638 478 3677 t.
508 3633 565 3677 X.
597 3633 784 3688 append.
815 3647 858 3687 p.
891 3630 990 3676 149.

623 3705 660 3760 ⁸)
690 3706 773 3760 Ep.
804 3705 860 3746 ad
890 3705 1136 3746 Possessor.
1169 3703 1330 3745 ibidem
1361 3703 1390 3744 1.
1423 3715 1462 3746 c.
1493 3716 1535 3757 p.
1569 3701 1666 3745 150.
1723 3703 1729 3710 “
2112 3716 2115 3723 ’

622 3777 657 3831 ⁴)
689 3778 758 3818 De
787 3781 875 3819 nat„
905 3777 1043 3831 ipsius
1073 3789 1108 3820 s.
1138 3776 1217 3822 Ν,
1247 3776 1304 3818 al.
1335 3775 1417 3820 111.
1449 3789 1488 3817 e.
1518 3774 1561 3821 3.
1593 3776 1690 3818 0011.
1723 3758 1808 3817 se'r.
1838 3773 2088 3821 Lxxxm.
2118 3772 2174 3815 αι.
2195 3769 2376 3814 LXXX.
2407 3781 2447 3812 ο.
2468 3765 2510 3811 2.

447 3851 494 3902 in
522 3853 611 3891 nat.
644 3862 678 3890 s.
709 3849 805 3890 Pet.
836 3847 988 3903 Apost.

623 3918 658 3977 ⁵)
687 3920 873 3963 Ibidem.
