2716 4446
1071 135 1298 198 -257
1351 168 1423 177 -

209 303 379 338 novos
418 284 717 339 didiceritis
755 290 932 339 motus
973 302 1297 355 exsurgere,
1355 282 1513 337 nobis
1569 282 1806 336 fraterna
1844 280 2054 335 debetis
2095 278 2468 333 sollici-Emesa
2496 303 2655 331 romana.

208 379 396 432 tudine
452 363 719 448 reserare,
787 397 892 450 quo
953 378 1213 448 subinde,
1284 398 1423 451 quae
1464 378 1688 433 Patrum
1726 375 1949 448 regulisx
1971 380 2290 446 congruant,

206 479 513 544 praestante
552 473 788 548 Domino
827 474 1068 527 remedia
1105 493 1518 546 procuremUS„:
1570 460 1814 545 illudque
1851 471 2040 525 itidem
2081 487 2295 541 semper

203 565 517 620 laetabundi
575 576 830 638 egerunt,
889 568 1035 639 quod
1073 567 1341 641 rursum¹)
1383 567 1639 622 Gelasius
1698 567 1765 621 de
1806 568 2153 638 episcopatus
2211 564 2295 618 sui

203 662 514 733 primordiis
554 662 623 715 ad
661 661 934 716 Aeonium
974 661 1336 718 arelatensem
1375 666 1693 735 episcopum
1733 662 1978 733 scripsit:
2037 660 2293 730 „Quanto

205 757 350 810 enim
398 756 563 810 totius
612 755 771 810 ovilis
827 774 1028 825 curam,
1072 755 1289 810 Christo
1330 757 1566 811 Domino
1607 756 1924 828 delegante,
1984 761 2292 837 susceptam

203 849 352 903 beati
386 850 535 904 Petri
554 848 808 921 Apostoli
846 849 1169 920 gubernatio
1210 850 1528 922 principalis
1556 852 1811 904 universo
1839 851 1996 921 gregi
2034 848 2198 903 debet
2235 849 2293 902 in

203 943 332 998 orbe
371 953 666 1019 terrarum,
724 950 874 997 tanto
914 944 1132 1014 pietatis
1185 945 1385 998 affectu
1426 952 1651 998 cunctas
1692 944 1955 1012 ecclesias
1993 962 2290 1015 earumque

200 1046 439 1093 rectores
478 1038 848 1110 amplectitur,
909 1044 962 1091 et
1000 1038 1142 1091 inter
1182 1038 1428 1093 diversos
1467 1039 1654 1094 mundi
1694 1039 1939 1093 turbines
1981 1039 2027 1092 si
2064 1044 2293 1110 paterna

200 1132 307 1186 fide
370 1133 459 1188 vel
522 1134 812 1188 traditione
869 1134 1099 1188 firmiter
1161 1128 1560 1204 perseverant,
1611 1133 1705 1187 ubi
1765 1136 2003 1205 primum
2059 1132 2290 1187 facultas

199 1228 467 1297 arriserit,
508 1235 562 1282 et
600 1229 812 1300 quaerit
850 1229 1016 1282 anxia
1055 1235 1110 1281 et
1146 1228 1339 1299 gavisa
1376 1228 1709 1298 cognoscit„.
1785 1227 1895 1282 Sed
1931 1227 2099 1281 multo
2137 1227 2289 1299 prius

199 1321 434 1393 idipsum
478 1321 852 1376 declaraverat
877 1322 923 1396 2)
970 1323 1027 1375 in
1078 1322 1434 1394 responsione
1476 1342 1575 1377 sua
1612 1323 1681 1376 ad
1721 1322 2041 1396 synodalem
2079 1322 2287 1377 cartha-

197 1416 527 1486 giniensium
566 1415 787 1470 Patrum
828 1415 1115 1488 epistolam
1152 1417 1506 1472 Innocentius
1544 1419 1779 1490 primus:
1819 1418 1922 1488 „In
1958 1417 2285 1490 requirendo
2327 1426 2555 1461 Innocentius
2570 1427 2601 1460 Ι·

197 1510 264 1564 de
302 1509 387 1564 his
425 1510 619 1580 rebus,
646 1530 805 1583 »quas
858 1513 1006 1566 omni
1045 1531 1166 1590 cum
1209 1513 1573 1567 sollieitudine
1627 1513 1787 1567 decet
1823 1532 1856 1566 a
1895 1512 2309 1590 sacerdotibuS,¹

194 1606 540 1678 maximeque
579 1606 777 1674 a'vero
816 1608 1068 1680 iustoque
1109 1615 1162 1662 et
1187 1602 1453 1664 catholico
1480 1608 1701 1676 tractari
1739 1606 1988 1677 concilio,
2028 1608 2284 1679 antiquae

187 1700 499 1766 ¹traditionis
539 1701 794 1773 exempla
832 1703 1092 1756 servastis
1132 1711 1187 1757 et
1213 1703 1620 1757 ecclesiasticae
1646 1716 1915 1757 memores
1942 1702 2283 1774 disciplinae,

162 1828 171 1868 3
194 1804 410 1849 nostrae
448 1796 730 1868 religionis
768 1799 1162 1872 vigorembnon
1199 1801 1380 1853 minus
1419 1818 1565 1853 nunc
1604 1799 1662 1852 in
1701 1797 2063 1867 consulendO,
2123 1817 2285 1869 quam

193 1897 354 1944 antea
391 1910 514 1947 cum
554 1893 978 1964 pronuntiaretis
1036 1912 1168 1948 vera
1207 1894 1417 1947 ratione
1456 1893 1742 1963 firmastiS,
1798 1893 1892 1964 qui
1931 1892 1999 1946 ad
2038 1899 2284 1946 nostrum

194 1985 538 2040 referendum
577 1986 921 2058 approbastis
974 2005 1092 2041 esse
1144 1988 1458 2058 iudicium„

368 2081 491 2134 284.
534 2080 695 2147 Quod
745 2099 880 2152 ergo
918 2082 1085 2136 ⁵orbis
1141 2083 1481 2154 antiquitatis
1519 2083 1810 2136 universus
1850 2082 2090 2154 Europa,
2130 2081 2283 2151 Asia,
2305 2094 2623 2131 Orbi-suniversue.

194 2171 385 2226 Africa
442 2193 475 2227 a
523 2193 746 2228 romano
808 2175 1061 2247 praesule
1125 2176 1325 2247 iugiter
1386 2176 1722 2247 requirebat,
1781 2176 2092 2230 firmitatem
2150 2177 2286 2231 inte-

104 2307 119 2316 .
195 2269 554 2340 gritatemque
617 2268 951 2339 apostolicae
1013 2269 1175 2339 fidei,
1252 2269 1356 2323 hoc
1425 2271 1533 2341 ipsi
1608 2272 1820 2324 romani
1880 2271 2166 2342 pontifices
2227 2291 2286 2326 86

195 2363 448 2417 universe
507 2382 578 2416 ex
633 2363 756 2433 lege
813 2365 1170 2436 institutoque
1224 2364 1410 2419 divino
1450 2364 1529 2418 illi
1581 2364 1780 2418 debere
1832 2365 2012 2436 palam
2052 2365 2288 2437 professi

196 2475 411 2528 semper
463 2464 602 2514 sunt.
678 2457 848 2529 Atqui
906 2459 1146 2512 officium
1198 2478 1260 2512 66
1313 2458 1607 2531 postulatio
1647 2460 2008 2530 praestandae
2062 2461 2286 2514 creden-

194 2550 340 2606 tibus
393 2551 643 2606 omnibus
682 2553 1014 2608 inviolabilis
1052 2554 1432 2626 fideixexpleri
1473 2555 1542 2609 ab
1595 2574 1658 2609 eo
1709 2555 2081 2609 tantummodo
2121 2555 2283 2625 valet,

197 2647 281 2700 cui
322 2647 694 2702 inviolabilem
755 2667 975 2720 semper
1029 2649 1192 2703 fidem
1250 2657 1452 2719 tenere,
1512 2650 1756 2722 aliosque
1814 2651 2011 2705 docere
2063 2669 2282 2704 conces-

195 2758 313 2793 sum
375 2740 635 2795 divinitus
706 2751 802 2796 est.
903 2743 1063 2796 Hanc
1134 2744 1301 2814 igitur
1370 2743 1552 2797 dotem
1624 2763 1941 2798 concessam
2020 2745 2283 2799 divinitus

191 2854 446 2890 romanae
512 2838 656 2891 sedis
720 2838 1066 2909 praesulibus
1133 2839 1332 2908 fuisse,
1372 2846 1566 2910 “caput
1624 2847 1743 2893 erat
1805 2840 2085 2893 doctrinae
2148 2840 2281 2892 anti-

195 2929 473 3008 quioribus
502 2931 766 2985 ecclesiae
806 2932 1077 2987 aetatibus
1114 2932 1627 3004 exploratissimum.
1680 2933 1872 3006 Neque
1916 2933 2283 2987 oblitteratum

194 3042 353 3094 porro
374 3009 509 3088 *sive
549 3024 715 3092 δόγμα
753 3027 854 3080 fuit
893 3029 1008 3081 sive
1036 3028 1230 3097 πρᾶξις,
1258 3048 1448 3082 verum
1476 3037 1529 3082 et
1554 3027 1690 3081 illud
1717 3027 2058 3098 exploratum
2084 3029 2283 3098 iugiter

200 3116 546 3187 tradebatur,
608 3129 662 3173 et
717 3121 853 3174 haec
917 3123 1172 3175 continuo
1232 3142 1336 3176 usu
1393 3123 1652 3194 deinceps
1712 3141 1925 3194 quoque
1984 3123 2278 3176 obtinebat.

195 3210 374 3264 Testis
435 3213 516 3265 rei
561 3214 827 3287 ‚frequens
884 3216 1181 3289 itidemque
1238 3216 1546 3271 luculentus
1604 3236 1701 3289 pro
1754 3217 2080 3272 occidentali
2116 3217 2280 3289 plaga

372 3462 405 3516 ¹)
437 3463 521 3516 Ep.
553 3462 654 3505 XII.
686 3462 792 3503 ibid.
824 3477 866 3516 p.
899 3461 967 3506 60,

370 3533 406 3589 2)
437 3535 682 3575 Innocentii
723 3535 908 3588 epistola
948 3535 1051 3577 data
1089 3536 1270 3579 Aurelio
1313 3542 1357 3579 et
1401 3539 1558 3581 ceteris
1590 3540 1809 3593 episcopis
1843 3539 2086 3592 carthagin.
2120 3539 2277 3584 concil.

195 3619 266 3650 an.
297 3603 394 3650 417.
426 3607 541 3647 inter
572 3619 669 3659 epp.
702 3605 814 3660 Aug.
858 3620 926 3659 ep.
970 3605 1068 3649 181.
1111 3607 1220 3652 Coll.
1263 3610 1460 3651 eiusdem
1493 3612 1680 3665 epistola
1710 3611 1925 3663 rescripta
1957 3611 2136 3652 Silvano
2169 3614 2278 3664 seni,

194 3678 427 3719 Valentino
459 3682 502 3719 et
534 3679 690 3719 ceteris
724 3679 940 3732 episcopis
973 3680 1215 3725 milevitan.
1260 3682 1414 3735 synod.
1446 3695 1519 3727 an.
1551 3680 1651 3725 417.
1686 3684 1767 3724 int.
1799 3696 1897 3737 epp.
1929 3682 2042 3737 Aug.
2077 3697 2144 3736 ep.
2178 3682 2276 3726 182.

193 3750 270 3791 ubi
298 3750 582 3809 Innocentius
625 3752 802 3806 incipit:
851 3753 999 3805 „Inter
1046 3757 1214 3795 ceteras
1259 3751 1468 3796 romanae
1515 3756 1730 3797 ecclesiae
1779 3768 1904 3796 curas
1937 3759 1980 3796 et
2009 3756 2279 3809 apostolicae

197 3822 311 3863 sedis
342 3825 666 3877 occupationes,
714 3825 872 3878 quibus
914 3825 1191 3868 ⁴diversorum
1241 3828 1441 3870 consulta
1486 3829 1607 3870 fideli
1653 3842 1705 3869 ac
1752 3828 1922 3869 medica
1963 3828 2307 3882 disceptatione,

196 3897 492 3947 tractamus„t
525 3897 682 3950 quibus
715 3896 868 3939 eadem
910 3911 1014 3940 sane
1055 3912 1229 3954 semper
1265 3902 1436 3942 romani
1465 3902 1683 3956 pontificis
1715 3901 2010 3956 peremptoria
2039 3902 2277 3944 auctoritas

197 3965 479 4020 significatur.
