2716 4446
154 282 285 322 Vanus
310 291 440 320 cauea:

123 340 200 364 eum
224 332 394 371 episcopis
415 330 467 362 di-

143 375 295 407 rimendi
308 374 439 407 modus.

186 2883 354 2921 Litterae.

184 3187 356 3224 locemus.

1353 113 1704 184 „124-

659 262 714 340 a)
772 266 818 320 si
874 284 1095 320 causam
1150 267 1220 320 iis
1276 267 1602 339 diremptam
1658 268 2016 338 proposuerit,
2077 287 2174 323 sua
2228 260 2593 340 plenitudine,

486 369 643 416 utens
681 361 854 430 testiS‚
898 361 1146 431 magistri
1183 368 1237 414 et
1273 361 1501 430 iudicis3
1540 369 1654 414 tum
1681 360 1838 414 aliter

654 454 714 527 b)
755 455 803 507 si
841 463 1055 509 servato
1096 453 1201 508 sibi
1240 454 1342 508 soli
1378 463 1488 507 tam
1528 455 1837 526 magisterio
1865 474 2027 527 quam
2064 457 2284 527 iudicio,
2323 457 2447 512 illos
2484 459 2565 513 uti

482 555 754 602 contestes
792 547 1132 601 adhibuerit:
1172 549 1369 602 iterum
1409 548 1568 602 aliter

653 641 706 714 c)
747 643 794 695 si
831 643 887 695 in
924 649 1135 713 partem
1162 650 1275 696 tum
1302 644 1521 696 testium
1549 650 1662 696 tum
1688 644 2072 714 magistrorum
2109 645 2235 700 illos
2276 646 2557 701 vocaverit

478 737 773 790 reservatis
820 736 924 790 sibi
965 736 1067 791 soli
1104 737 1301 790 iudicis
1339 736 1616 808 partibus:
1657 746 1711 791 et
1748 737 1907 792 aliter
1942 739 2163 792 tandem

650 830 709 903 d)
750 830 796 883 si
831 831 972 885 hanc
997 850 1212 904 quoque
1251 833 1590 903 provinciam
1617 833 1837 887 eosdem
1876 835 2151 906 suscipere
2189 836 2424 904 iusserit,
2463 834 2559 888 ubi

477 945 645 978 unum
681 924 800 994 hoc,
854 926 1000 997 quod
1047 925 1150 979 sibi
1202 926 1302 979 soli
1354 926 1645 980 essentiale
1685 935 1740 981 et
1776 929 2055 1000 proprium
2094 936 2148 983 et
2185 947 2308 982 cum
2345 929 2560 983 nemine

478 1020 929 1074 communicabile
987 1028 1084 1090 est,
1145 1021 1325 1090 efficit,
1384 1028 1444 1074 ut
1493 1041 1592 1093 per
1630 1041 1784 1075 suum
1826 1022 2143 1093 suffragium
2179 1022 2562 1092 testificationi,

477 1114 757 1169 doctrinae
813 1115 1126 1186 iudicioque
1188 1115 1523 1187 reliquorum
1586 1114 1963 1170 inmutabilem
2020 1135 2180 1188 porro
2242 1118 2352 1171 vim
2412 1111 2562 1171 ratae

474 1209 728 1282 fixaeque
768 1211 1067 1264 sententiae
1099 1210 1136 1282 ¹)
1176 1211 1450 1281 inprimat.

650 1305 770 1361 124,
811 1304 1021 1371 Quodsi
1059 1305 1247 1359 modos
1287 1306 1497 1376 priores
1542 1324 1798 1359 romanus
1844 1305 2065 1377 praesul
2103 1304 2364 1360 adhibere
2415 1324 2557 1360 com-

475 1401 712 1454 muniter
750 1401 888 1455 solet
925 1401 1071 1473 apud
1111 1402 1398 1472 episcopos
1438 1401 1731 1472 dispersos,
1772 1401 2039 1471 posterior
2064 1400 2294 1453 usitatus
2332 1400 2563 1453 recurrit

473 1494 530 1546 in
570 1494 927 1548 conventibus
969 1494 1315 1567 synodorum,
1357 1503 1410 1548 et
1448 1514 1516 1548 ne
1555 1496 1611 1548 in
1639 1493 1725 1547 his
1771 1494 1993 1566 quidem
2039 1513 2256 1566 semper
2294 1495 2431 1547 citra
2465 1512 2557 1548 ne-

472 1590 742 1642 cessarias
782 1608 909 1644 suas
933 1589 978 1662 Ω)
1018 1590 1342 1644 iudiciorum
1382 1589 1887 1661 praeformationes,
1927 1589 2209 1643 Id'autem
2267 1588 2439 1660 liquet
2486 1607 2558 1642 ex

469 1683 739 1754 omnibus,
797 1704 1007 1738 sacram
1048 1684 1314 1738 ecclesiae
1353 1684 1715 1738 hierarchiam
1773 1684 1843 1737 ad
1898 1687 2168 1753 μοναρχίαν
2222 1685 2469 1738 revocari
2491 1683 2555 1755 ³),

470 1785 738 1849 quatenus
796 1779 866 1832 ab
923 1799 1030 1833 uno
1088 1781 1359 1851 principio
1418 1798 1482 1832 ac
1550 1780 1728 1850 capite
1779 1798 2002 1832 romano
2056 1797 2213 1832 sacer
2260 1777 2552 1831 multorum

466 1858 808 1944 prihcipatus
846 1873 1210 1944 proficiscitur
1267 1882 1321 1926 et
1359 1873 1429 1926 ad
1486 1872 1629 1926 idem
1687 1891 1875 1925 rursus
1939 1871 2345 1943 recapitulatur.
2405 1871 2552 1924 Hinc

468 1969 747 2022 enimvero
786 1968 864 2038 fit,
916 1975 977 2021 ut
1015 1967 1250 2021 ecclesia
1286 1967 1395 2022 Dei
1433 1967 1503 2021 ab
1543 1968 1862 2038 episcopatu
1900 1965 2236 2036 amplissimo
2262 1967 2317 2019 in
2343 1983 2554 2019 summa

466 2062 690 2132 unitate,
731 2062 1032 2132 harmonia,
1075 2071 1343 2117 concentu
1369 2061 1672 2133 gubernata
1709 2069 1943 2132 regatur.

1017 2180 1057 2236 c)
1082 2175 1282 2238 Ὄργανα
1313 2181 1496 2222 actionis
1527 2180 1764 2222 inmediata
1793 2193 1846 2220 ac
1875 2179 2011 2220 varia.
2070 2209 2072 2211 -

641 2297 760 2353 125.
816 2297 1022 2351 Verum
1080 2297 1346 2351 eiusmodi
1403 2296 1595 2350 habitu
1638 2296 2011 2366 exercitioque
2062 2293 2399 2346 auctoritatis
2437 2311 2545 2346 non

464 2390 769 2446 absolvitur
809 2392 1139 2446 universalis
1167 2412 1231 2446 ac
1260 2393 1499 2463 supremi
1538 2392 1772 2463 pastoris
1810 2390 1947 2443 ratio
1986 2386 2251 2442 influendi
2287 2387 2345 2439 in
2381 2393 2549 2440 totam
2603 2437 2606 2440 .

463 2485 770 2541 ecclesiam.
810 2486 906 2539 Uti
934 2488 1078 2540 enim
1105 2486 1198 2540 ille
1237 2489 1294 2539 in
1332 2486 1474 2540 hanc
1499 2488 1813 2539 universam
1839 2489 2163 2554 potestatem
2187 2480 2355 2535 habet
2377 2483 2546 2534 inme-

462 2579 695 2649 diatam;
735 2581 811 2634 ita
847 2582 904 2634 in
943 2600 1063 2634 eam
1100 2599 1210 2634 non
1247 2581 1481 2634 mediate
1506 2587 1714 2632 tantum
1751 2597 1851 2649 per
1888 2577 2024 2630 alios
2051 2576 2314 2629 divinitus
2339 2574 2544 2645 positos

464 2675 753 2745 episcopos
793 2682 955 2746 atque
995 2681 1242 2745 pastores
1282 2674 1477 2729 influit.
1542 2671 1650 2727 Sed
1701 2672 1883 2725 influit
1931 2690 2146 2724 rursum
2195 2668 2546 2722 multifariam

462 2767 760 2840 multisque
797 2768 974 2821 modis
1012 2788 1077 2822 ac
1114 2770 1218 2823 viis
1257 2768 1568 2822 inmediatis
1610 2766 1821 2837 sibique
1860 2766 2110 2836 propriis,
2147 2763 2221 2816 Et

640 2863 686 2916 1.
724 2863 843 2933 ipse
881 2881 1023 2915 unus
1063 2863 1320 2916 convenit
1369 2879 1594 2932 gregem
1631 2860 1963 2927 universum,
2015 2857 2111 2910 ubi
2148 2858 2327 2911 visum
2364 2854 2540 2924 fuerit,

461 2953 656 3008 litteris
697 2951 1009 3030 encycliciS‚
1051 2976 1187 3029 quas
1227 2957 1363 3010 adeo
1403 2975 1532 3010 vere
1572 2954 1870 3009 catholicas
1909 2953 2093 3007 dicere
2131 2952 2214 3005 fas
2253 2960 2363 3006 est:
2419 2951 2539 3022 ipse

645 3156 671 3212 ¹)
702 3156 771 3198 Ad
802 3169 894 3198 rem
924 3156 1100 3197 omnino
1145 3155 1252 3195 facit
1292 3153 1456 3194 Zosimi
1498 3124 1699 3206 epistola
1724 3151 1827 3191 data
1871 3149 2078 3202 „Aurelio
2109 3162 2176 3190 ac·
2193 3150 2348 3190 ceteris
2380 3147 2456 3203 qui
2485 3147 2532 3189 in
2601 3185 2609 3192 ,

459 3230 644 3270 concilio
677 3229 1017 3283 carthaginiensi
1060 3228 1321 3279 adfuerunt„
1370 3240 1442 3279 ap
1489 3225 1603 3278 Aug
1635 3228 1733 3277 opp'.
1781 3227 1813 3267 t
1844 3223 1898 3266 X
1931 3221 2115 3276 append.
2157 3234 2202 3275 p
2233 3218 2332 3265 104
2366 3219 2420 3261 dc
2451 3231 2538 3274 qua

457 3300 557 3341 vide
588 3302 647 3341 sis
677 3301 805 3354 infra,
836 3301 914 3341 ubi
943 3300 997 3341 de
1027 3298 1342 3341 irreformabili
1362 3297 1578 3351 pontificis
1608 3296 1786 3339 iudicio.

634 3373 667 3427 2)
698 3374 768 3414 De
798 3368 866 3414 his
898 3386 1003 3414 suus
1034 3372 1216 3413 inferius
1247 3371 1422 3412 dicendi
1451 3371 1576 3411 locus
1608 3373 1687 3410 est.

634 3444 667 3499 ³)
701 3444 865 3486 Confer
907 3455 1019 3499 quae
1059 3443 1279 3497 explicata
1323 3442 1525 3496 superius
1563 3442 1743 3482 fuerunt
1782 3440 1836 3481 de
1878 3439 2090 3481 ecclesiae
2120 3433 2302 3488 unitate,
2332 3436 2379 3477 vi
2409 3436 2534 3477 cuius

458 3517 649 3558 ἕκτυπος
694 3520 761 3557 est
810 3512 1080 3573 ἀρχετύπου
1126 3515 1375 3557 divinorum
1419 3518 1554 3567 atque
1602 3513 1888 3565 coelestium,
1937 3513 1984 3552 in
2025 3510 2183 3565 quibus
2227 3507 2339 3550 nihil
2392 3510 2534 3549 custo-

457 3588 664 3629 diendum
709 3588 904 3628 sanctius
950 3585 1209 3643 μοναρχίας
1254 3587 1482 3641 dogmate:
1529 3586 1654 3627 Unus
1699 3585 1792 3625 illic
1837 3587 1904 3624 est
1946 3583 1992 3623 in
2014 3582 2246 3633 omnibus:
2289 3580 2344 3621 ab
2372 3577 2533 3620 infimis

456 3660 680 3701 ordinibus
725 3672 804 3713 per
848 3659 1010 3716 gradus
1058 3659 1372 3712 propemodum
1418 3657 1671 3711 adsurgitur
1702 3655 1770 3697 'ad
1809 3655 2073 3709 principium
2115 3653 2321 3704 omnium,
2362 3650 2437 3703 qui
2466 3652 2532 3690 est

456 3731 646 3772 Sanctus
678 3730 953 3784 Sanctorum,
985 3731 1101 3772 unde
1131 3735 1223 3772 tota
1252 3731 1298 3770 in
1329 3730 1463 3771 coelis
1492 3730 1744 3771 nominatur
1773 3725 2015 3784 ἱεραρχίαε
2043 3727 2106 3766 ita
2123 3725 2170 3765 in
2187 3723 2314 3765 terris
2345 3721 2531 3763 ecclesia

456 3803 721 3845 multimodis
762 3804 962 3845 societati
1001 3804 1181 3845 coelesti
1219 3803 1453 3844 coniuncta
1493 3802 1774 3844 constituitur
1813 3813 1903 3841 una
1933 3795 2172 3855 ἱεραρχία,
2211 3796 2258 3836 in
2288 3788 2384 3848 qua‘
2403 3793 2532 3833 datur

455 3876 618 3928 pariter
646 3889 774 3927 unus,
808 3876 884 3930 qui
913 3876 1051 3929 apicis
1082 3877 1220 3916 instar
1251 3882 1314 3928 ac
1333 3875 1467 3916 fontis
1499 3875 1567 3926 sit,
1598 3874 1655 3914 ad
1685 3886 1816 3927 quem
1845 3869 2104 3925 rediguntur
2143 3872 2188 3910 et
2212 3881 2244 3909 a
2274 3879 2360 3921 quo
2392 3865 2526 3906 deflu-

455 3952 535 3988 unt
564 3947 681 4003 apud
712 3947 944 3989 ecclesiam
974 3947 1197 3992 universa.
1227 3946 1341 3990 Vide
1370 3946 1537 3988 Bedam
1566 3948 1599 3990 t.
1633 3944 1687 3989 V.
1711 3957 1762 3999 Ap.
1793 3935 1895 3987 219.
