2716 4446
1149 155 1383 227 -sfu
1427 195 1497 206 .-

377 311 381 314 ’
452 316 574 373 384.
632 314 707 370 Ut
763 321 943 369 autem
999 313 1151 377 credi
1205 313 1435 367 firmiter
1486 327 1551 364 ac
1608 309 1747 364 citra
1784 305 2132 362 formidinem
2168 303 2358 378 possit,

282 418 530 471 constare
567 410 731 465 etiam
769 409 933 464 debet
987 409 1214 464 firmiter
1269 428 1333 462 ac
1390 408 1525 461 citra
1562 403 1904 459 formidinem
1943 401 2010 455 de
2050 400 2370 481 necessaria-

279 505 572 584 hypothesi
625 504 755 559 fidei
811 504 1009 576 deque·
1049 501 1454 556 conditionibus
1513 499 1789 554 credendi.
1871 496 2112 550 Necesse
2174 497 2359 566 itaque

278 618 499 673 prorsus
540 605 638 669 est,
697 598 797 652 has
856 617 1073 670 quoque
1130 605 1278 651 ratas
1335 595 1539 650 habere
1579 603 1632 648 et
1668 594 1825 663 fixas,
1867 601 1921 646 et
1960 587 2053 645 eas
2091 591 2149 643 in
2188 588 2365 643 tutela<

278 713 397 748 esse
437 712 639 762 eorum,
678 711 863 764 penes·
888 710 1023 764 quos
1062 698 1269 744 certum
1307 691 1578 761 reperitur
1613 688 1742 742 fidei
1767 686 2117 759 praesidium.
2160 684 2359 751 Quem,-

195 815 198 819 ’
277 787 568 841 admodum
597 790 726 857 ergo
748 784 1109 840 ecclesiastici
1135 785 1438 855 magisterii
1476 790 1573 852 est,
1615 790 1760 836 sarta
1798 789 1944 835 tecta
1982 780 2254 833 custodire
2293 797 2359 832 ac

275 882 416 936 tueri
450 880 806 935 fundamenta
843 879 971 933 fidei
1009 887 1172 951 atque
1213 878 1487 947 credendi,
1522 879 1599 931 ita
1625 876 1868 931 eiusdem
1895 876 2197 946 magisterii
2236 892 2356 928 esse

274 977 515 1048 adparet,
569 984 716 1030 sarta
767 973 1040 1029 custodire
1092 981 1343 1046 tectaque
1382 973 1736 1045 hypothetica
1773 973 1955 1025 omnia
1994 969 2356 1024 conditiones-

275 1090 380 1144 que
420 1070 665 1125 eiusdem
720 1069 864 1139 fidei,
922 1076 983 1122 ut
1041 1069 1235 1140 quavis
1295 1067 1533 1121 exclusa·
1579 1067 1796 1121 errandi
1846 1065 2149 1135 formidine,
2189 1066 2354 1118 immo

271 1183 418 1235 vero,
459 1165 604 1239 quod
642 1183 751 1218 non
791 1163 957 1218 salvis
1008 1162 1410 1217 conditionibus
1463 1163 1721 1231 eveniret,
1775 1161 1999 1216 excluso
2040 1161 2236 1233 quovis
2274 1161 2355 1213 in-

270 1260 489 1332 anitatis
527 1258 902 1331 nullitatisque
941 1257 1203 1330 pericu10,
1259 1275 1526 1328 supernae
1566 1275 1631 1310 ac
1672 1256 1936 1310 salutares
1975 1256 2235 1310 veritates
2274 1256 2354 1309 in-

268 1353 516 1421 mutabili
554 1353 858 1407 constantia
897 1359 950 1406 et
1000 1352 1255 1405 firmitate
1306 1352 1590 1404 inaccessa
1646 1352 1963 1422 opinionum
2014 1350 2352 1419 commentis,

269 1468 409 1522 quae
448 1448 564 1502 dies
591 1448 632 1520 ¹)
673 1447 834 1516 delet,
859 1445 1178 1501 subsistant
1216 1446 1475 1519 credique
1515 1445 1778 1500 divinitus
1816 1446 2042 1516 possint.
2100 1445 2261 1498 Unde
2292 1452 2352 1498 ut

267 1543 378 1614 illa,
436 1562 545 1598 non
604 1542 826 1616 quidem
865 1541 1231 1596 infallibiliter
1268 1541 1575 1615 credantur,
1624 1541 1894 1612 siquidem
1932 1540 2178 1595 revelata
2215 1539 2350 1593 divi-

266 1640 411 1693 nitus
467 1656 576 1692 non
634 1638 756 1708 sint,
819 1637 925 1714 sed¹
953 1636 1319 1691 infallibiliter
1356 1625 1662 1704 teneantur,
1706 1635 1978 1707 siquidem
2018 1653 2149 1688 vera
2189 1643 2243 1689 et
2280 1634 2351 1688 ad

265 1733 428 1787 fidem
468 1725 783 1802 necessaria
841 1734 965 1803 sint,
1009 1718 1235 1786 *nullum
1273 1751 1393 1786 esse
1433 1731 1660 1786 dubium
1697 1738 1878 1802 potest
1915 1729 2004 1784 vel
2042 1729 2221 1799 debet,
2263 1748 2347 1783 ec-

266 1827 464 1881 clesiae
516 1828 889 1898 magisterium
946 1833 1165 1880 auctum
1223 1826 1364 1880 dono
1422 1826 1663 1898 perfecto
1689 1826 1733 1897 Ω)
1787 1826 2073 1879 desursum
2124 1824 2347 1878 descen·

265 1922 426 1977 dente
466 1942 498 1976 a
535 1922 696 1976 Patre
735 1922 1018 1992 luminum,
1078 1923 1224 1994 apud
1282 1940 1445 1994 quem
1501 1940 1610 1975 non
1669 1930 1753 1975 est
1808 1921 2187 1974 transmutatio
2245 1938 2349 1974 nec

264 2017 658 2071 vicissitudinis
703 2009 1080 2087 ¹obumloratiO,
1138 2017 1212 2071 ad
1268 2035 1334 2070 ea
1390 2018 1573 2070 omnia
1629 2023 1683 2070 et
1740 2023 1965 2070 eatenus
2024 2023 2197 2070 semet
2254 2034 2347 2069 ex-

206 2154 209 2156 .
264 2110 506 2181 tendere,
566 2129 704 2184 quae
761 2113 1112 2184 requiruntur
1163 2119 1217 2165 et
1255 2119 1522 2184 quatenus
1563 2130 1628 2165 ea
1664 2111 2022 2183 postulantur,
2081 2117 2141 2164 ut
2196 2111 2347 2164 nullo

263 2213 422 2276 pacto
481 2205 732 2259 salutaris
789 2206 925 2260 fides
965 2207 1190 2277 eiusque
1243 2205 1501 2260 veritates
1551 2205 1622 2259 ad
1661 2205 1995 2260 credendum
2033 2207 2345 2278 propositae

261 2300 318 2354 in
354 2299 650 2354 discrimen
687 2302 926 2356 veniant.
987 2301 1160 2374 Atqui
1207 2301 1638 2355 demonstratum
1677 2300 1944 2370 dedimus,
1998 2300 2346 2355 infallibilem

261 2393 411 2447 illam
447 2395 748 2466 magisterii
799 2395 982 2449 dotem
1032 2395 1274 2450 residere
1327 2414 1643 2466 supremum
1693 2396 1839 2468 apud
1876 2416 2156 2451 romanam
2193 2397 2344 2452 Petri

263 2487 476 2559 sedem3
533 2490 772 2561 itemque
830 2490 1258 2544 demonstratum
1318 2489 1583 2559 dedimus,
1638 2491 1879 2545 exclusis
1937 2500 2037 2564 aut¹
2068 2494 2343 2564 perversis

263 2591 494 2655 quatuor
517 2660 520 2663 Δ
547 2584 791 2639 veritatis
849 2583 1113 2638 naturalis
1170 2584 1453 2640 ordinibus
1512 2587 1811 2640 consistere
1869 2606 1933 2640 ac
1974 2587 2194 2642 defendi
2250 2608 2342 2643 va-

259 2677 369 2730 rios
424 2676 816 2746 respondentes
848 2677 1148 2736 ,revelatae
1213 2672 1466 2732 ‘veritatis
1522 2679 1740 2734 ordines
1795 2679 2105 2735 nullatenus
2162 2700 2340 2754 posse.

257 2770 406 2843 Ergo
446 2774 686 2843 supremi
742 2774 1044 2844 magisterii
1101 2772 1327 2845 eiusque
1384 2773 1689 2828 infallibilis
1745 2777 1831 2829 ius
1871 2785 1954 2830 est
1992 2783 2046 2830 et
2084 2776 2338 2846 officium,

229 2884 394 2920 -sana
450 2866 712 2938 naturalis
768 2868 1030 2937 rati-onis,
1091 2867 1332 2939 ethices,
1396 2869 1532 2923 iuris
1587 2871 1892 2941 principia,
1957 2877 2071 2924 tum
2135 2871 2339 2925 ordinis

259 3117 538 3156 externorum
567 3114 750 3169 adsequi
769 3115 999 3158 veritatem
1031 3121 1149 3159 certo
1178 3127 1334 3172 posse:
1365 3118 1484 3160 illico
1505 3118 1613 3160 fides
1634 3122 1712 3160 aut
1731 3132 1820 3160 non
1841 3122 1908 3161 est
1927 3119 2115 3173 amplius
2136 3132 2338 3162 necessa-

257 3186 324 3226 ria
351 3189 429 3226 aut
457 3186 726 3240 inpossibilis
757 3187 919 3230 evadit.
953 3189 1047 3231 Fac
1077 3202 1206 3243 porro
1235 3190 1282 3231 in
1313 3190 1506 3231 naturali
1534 3202 1704 3233 morum
1745 3191 1896 3234 ordine
1927 3191 2129 3233 adfirmes
2159 3192 2336 3235 liberta-

258 3258 312 3299 tis
343 3258 459 3299 vires
490 3271 545 3299 ex
574 3271 671 3299 sese
701 3258 759 3300 ad
799 3272 948 3301 omnes
981 3249 1175 3303 cuiusvis
1205 3261 1412 3303 bonitatis
1443 3267 1567 3304 actus
1599 3263 1760 3315 valere,
1793 3268 1870 3305 aut
1899 3277 2034 3318 neges
2064 3265 2337 3307 voluntatem

256 3329 457 3371 libertate
488 3329 726 3379 excellere:
770 3335 813 3372 et
852 3332 1009 3374 reddes
1048 3334 1167 3375 illico
1212 3338 1289 3375 aut
1331 3335 1507 3377 inutilia
1552 3336 1716 3377 auxilia
1754 3341 1830 3378 aut
1858 3337 2134 3390 inpossibilia
2163 3339 2334 3384 merita.

256 3402 493 3444 Praeterea
519 3403 567 3462 in
598 3403 748 3445 ordine
779 3405 886 3446 iuris
915 3406 1081 3459 publici
1110 3408 1337 3459 naturalis,
1358 3408 1428 3449 fac
1448 3408 1652 3450 adfirmes
1674 3410 1926 3451 societatem
1952 3410 2125 3451 civilem
2148 3410 2334 3452 homini-

257 3476 338 3516 bus
369 3488 603 3529 procurare
634 3489 807 3521 omnem
837 3479 1106 3530 felicitatem,
1139 3483 1215 3521 aut
1244 3480 1312 3522 ius
1335 3485 1536 3523 constare
1567 3483 1683 3523 facto
1715 3488 2040 3524 consummato:
2074 3487 2117 3524 et
2148 3483 2336 3526 ecclesia

259 3546 423 3588 Christi
451 3547 570 3589 illico
588 3553 678 3590 aut
706 3554 892 3591 nonest
919 3552 1170 3593 necessaria
1199 3557 1276 3594 aut
1316 3558 1385 3595 est
1425 3555 1709 3609 inpossibilis,
1755 3568 1889 3610 quum
1928 3555 2108 3597 rebellio
2152 3558 2333 3610 quaevis

257 3623 410 3661 contra
441 3633 537 3661 eam
566 3620 763 3675 legitima
807 3623 865 3663 sit
908 3636 961 3664 ac
1005 3637 1085 3665 suo
1131 3625 1322 3679 gaudeat
1351 3627 1459 3673 iure.
1509 3628 1601 3669 Fac
1630 3628 1807 3670 tandem
1846 3630 1893 3669 in
1939 3629 2088 3670 ordine
2123 3629 2330 3673 historico

254 3705 391 3745 neges
413 3693 507 3733 sive
526 3692 736 3746 populum
757 3693 1045 3738 hebraeorum
1063 3697 1111 3738 in
1130 3696 1345 3752 Aegypto,
1377 3701 1548 3742 sivein
1569 3701 1744 3743 Judaea
1763 3702 1969 3742 Pontium
2000 3702 2205 3755 Pilatum,
2238 3704 2331 3744 sive

253 3764 433 3806 Petrum
463 3764 631 3807 Romae
645 3767 821 3821 fuisse:
852 3771 896 3809 et
925 3770 1124 3822 evertisti
1154 3771 1273 3814 illico
1294 3773 1418 3815 verbi
1449 3773 1588 3815 divini
1616 3775 1848 3816 veritatem
1869 3778 1913 3817 et
1934 3775 2198 3817 credendum
2229 3775 2331 3817 fidei

256 3836 415 3891 dogma
454 3838 804 3892 pessumdedisti.
873 3840 877 3842 ’

432 3907 465 3964 ¹)
500 3907 594 3955 Cic.
627 3909 681 3951 de
711 3914 803 3956 nat.
835 3910 954 3955 deor.
985 3910 1055 3956 22.

428 3979 464 4041 ²)
495 3981 591 4025 Jac.
622 3981 657 4029 1.
690 3980 759 4032 17.

1973 4079 2032 4129 46

2406 1830 2530 1868 Jacob.
2553 1831 2587 1868 Ι.
2612 1833 2667 1869 17.
