2716 4446
1097 189 1171 201 —
1216 155 1329 219 255*
1382 186 1447 196 —

236 308 575 372 charismate.
649 306 715 361 Id
754 305 899 379 quod
935 304 1240 360 luculenter
1276 301 1423 356 idem
1450 297 1768 372 comprobat
1792 297 2183 365 Theodoretus‚
2206 294 2318 366 ,qui

237 408 460 457 exorato
500 400 676 454 denuo
710 401 749 472 ¹)
799 399 1117 453 beatissimo
1159 397 1570 468 archiepiscopo
1609 394 1823 462 Leone,
1887 398 1979 462 „ut
2017 389 2319 462 apostolica

237 501 502 569 potestate
540 500 755 562 utatur„
814 493 1157 565 adductaque
1214 510 1379 546 causa
1447 487 1777 561 apostolicae
1834 487 1890 539 in
1927 504 2152 540 romana
2190 483 2318 538 sede

236 587 628 643 inmutabiliter
666 595 720 640 et
775 605 846 640 ex
884 588 1098 657 integro
1139 591 1495 639 conservatae
1520 585 1564 656 2)
1603 583 1732 637 fidei
1771 581 2077 653 subiungit:
2126 579 2318 650 „Quae

237 703 270 737 a
307 681 463 736 vobis
510 681 711 735 fuerint
749 681 986 734 iudicata
1029 681 1085 733 in
1139 680 1246 748 his,
1305 679 1706 751 qualiacunque
1765 695 1830 730 ea
1889 684 2074 744 erunt,
2130 673 2320 727 iudicii

235 777 405 831 vestri
441 776 702 847 aequitati
741 774 1074 828 confidentes
1119 774 1583 845 acquiescemus„
1659 770 1768 825 Sed
1826 772 2046 843 quinam
2103 768 2319 840 acquie-

239 871 476 924 scentiae
502 868 653 923 locus
681 868 797 921 dari
824 868 881 922 in
905 867 1106 921 iudicio
1130 866 1258 920 fidei
1285 873 1480 938 potest,
1508 867 1644 919 citra
1668 873 1837 919 tutam
1867 862 2319 935 infallibilemque

236 964 481 1020 veritatis
524 961 961 1036 possessionem?

408 1080 531 1135 282.
597 1079 751 1147 Quae
809 1079 1026 1152 quidem
1083 1078 1371 1145 manifesta
1428 1077 1704 1131 conclusio
1755 1095 1826 1130 ex
1864 1074 2067 1130 celebri
2105 1093 2319 1127 rursum
2336 1076 2494 1109 Ecdffla
2521 1076 2681 1106 ⁶⁰⁷²⁸“²⁷⁸·

2380 1119 2629 1159 cinopolitana.

237 1176 465 1230 aliorum
502 1174 648 1246 apud
686 1173 976 1228 orientales
1015 1173 1143 1228 fidei
1181 1172 1489 1239 vindicum,
1530 1171 1804 1226 Theodori
1841 1188 2037 1243 nempe
2084 1169 2318 1224 studitae

235 1289 361 1324 cum
401 1272 512 1323 suis
550 1268 899 1341 presbyteriS‚
921 1268 989 1323 ad
1028 1287 1303 1323 romanam
1346 1266 1530 1321 sedem
1569 1265 1931 1338 adpellatione
1969 1265 2322 1320 vehementer

237 1364 601 1420 confirmatur.
674 1364 1042 1420 Provocantes
1080 1365 1264 1436 itaque
1302 1362 1383 1416 illi
1407 1362 1451 1435 3)
1489 1363 1557 1416 ad
1585 1361 1817 1415 illustria
1843 1362 2140 1433 antiquitus
2166 1378 2319 1431 prae·

238 1459 546 1513 cedentium
586 1459 932 1530 „pontificum
998 1458 1266 1531 exempla,
1327 1458 1418 1530 qui
1477 1455 1745 1510 similibus
1800 1454 2138 1527 temporibus
2197 1473 2319 1508 cum

237 1554 466 1608 fecerint
502 1572 568 1606 ea
609 1571 747 1624 quae
786 1572 819 1606 a
854 1552 1030 1623 nobis,
1071 1554 1341 1625 inquiunt,
1383 1551 1764 1624 peccatoribus
1792 1569 1938 1604 nunc
1959 1550 2006 1623 4)
2045 1557 2320 1621 petuntur,

241 1648 449 1720 Spiritu
488 1655 674 1702 sancto
712 1647 886 1702 afflati
908 1648 952 1720 ⁵)
993 1657 1047 1703 et
1084 1657 1577 1702 commemorantur
1627 1654 1680 1700 et
1738 1647 1911 1699 sancti
1949 1644 2123 1698 habiti
2163 1652 2319 1714 sunt„

238 1741 547 1814 flagitantes
571 1743 616 1816 ⁶)
657 1743 993 1803 exclamant:
1038 1743 1195 1814 „Huc
1233 1744 1401 1815 igitur
1439 1743 1507 1797 ab
1548 1742 1849 1810 occidente,
1890 1760 1920 1795 o
1963 1739 2168 1794 Christi
2205 1741 2324 1793 imi-

239 1845 394 1907 tator,
433 1838 660 1910 Exurge
699 1846 753 1892 et
790 1857 859 1893 ne
897 1838 1134 1911 repellas
1173 1839 1230 1891 in
1267 1838 1448 1892 finem.
1524 1837 1650 1891 Tibi
1708 1837 1849 1890 dixit
1887 1834 2135 1890 Christus
2172 1834 2325 1888 Deus

238 1940 447 1988 nosterz
486 1932 559 1987 Et
595 1940 654 1987 tu
691 1933 983 2006 aliquando
1024 1951 1319 1987 conversus
1360 1932 1705 1987 confirmabis
1745 1931 1938 1985 fratres
1965 1939 2103 1987 tuos,
2177 1930 2324 1983 Ecce
2366 1946 2454 1981 Luc.
2471 1945 2587 1981 xxn.
2602 1945 2658 1979 32.

420 2228 454 2284 ¹)
489 2227 684 2270 Ibidem:
716 2227 854 2269 verba
886 2226 1093 2281 superius,
1119 2224 1334 2267 dedimus.

416 2299 454 2356 2)
485 2301 653 2343 Ibidem
686 2297 815 2344 1325.
865 2294 934 2340 Tol
973 2294 1062 2356 γάρ
1094 2294 1206 2355 παρ’
1239 2293 1359 2348 ὑμῶν
1402 2296 1714 2356 κριθησόμενοι
1746 2296 2001 2354 στέρξομεν,
2035 2292 2179 2338 ὁποῖα
2212 2292 2267 2338 ἂν
2299 2285 2329 2355 ᾗ

238 2372 299 2435 τῇ
329 2369 524 2431 ὖμετέρᾳ,
555 2370 868 2430 δικαιοκρισίᾳ
901 2369 1203 2429 θαῤῥοῦντες.

417 2444 451 2501 ³)
481 2445 687 2487 Paschali
730 2457 873 2499 papae
919 2443 1085 2485 Romae
1131 2456 1203 2498 ap.
1253 2443 1392 2498 Mign.
1440 2457 1506 2499 gr.
1538 2443 1628 2488 PP,
1674 2447 1704 2485 t.
1738 2439 1808 2487 99.
1850 2443 1929 2487 int.
1974 2456 2075 2497 opp.
2108 2442 2329 2484 Theodori

240 2518 428 2561 studitae
477 2531 545 2573 ep.
578 2517 678 2561 X11.
721 2515 794 2571 Τῷ
833 2512 1164 2569 παναγεστάτῳ
1208 2515 1409 2572 φωστῆρι
1454 2513 1628 2570 μεγάλῳ
1672 2512 1882 2573 ἀρχιερεῖ
1921 2513 2160 2572 πρωτίστῳ
2192 2513 2327 2572 κυρίῳ

196 2630 198 2634 ,
241 2586 377 2644 ἡμῶν,
410 2587 615 2647 δεσπότῃ
648 2585 938 2644 άποστολικῷ
968 2585 1107 2644 πάπᾳ
1137 2583 1349 2644 Ἰωάννης,
1375 2587 1641 2642 Θεοδόσιος,
1661 2585 1955 2641 Ἀθανάσιος,
1974 2583 2190 2644 Ἰωάννης,
2214 2586 2326 2630 Θεό·

225 2663 405 2721 ,δωρος,
439 2660 675 2713 ἐλάχιστοι
705 2660 1012 2720 πρεσβύτεροι.
1043 2662 1119 2703 καὶ
1150 2659 1396 2717 ἡγούμενοι
1436 2663 1524 2705 τῶν
1565 2659 1794 2721 Καθαροὶ,
1825 2662 1914 2705 τῶν
1945 2662 2212 2721 Πικριδίου,
2242 2660 2329 2704 τοῦ

241 2735 610 2793 Παυλοπετρίου,
642 2735 723 2792 τῆς·
753 2732 978 2793 Εὖκερίας
1007 2735 1095 2778 τῶν
1125 2734 1380 2781 Στουδίου.

420 2806 452 2865 ⁴)
484 2809 757 2851 Videbantur
786 2808 1012 2850 monachis
1044 2822 1140 2850 esse
1173 2808 1417 2862 „adventus
1466 2809 1713 2851 antichristi
1755 2809 2024 2864 praeludia„
2080 2806 2158 2852 Τι’ς·
2190 2807 2241 2848 δὲ
2275 2795 2328 2848 ού

242 2881 473 2935 λογῷσοιτο
505 2879 785 2939 προεισόδια
817 2871 933 2922 εἶναι
964 2880 1046 2936 τῆς
1076 2880 1166 2922 τοῦ
1195 2877 1515 2937 Ἀντιχριστοῦ
1545 2882 1821 2939 παρουσίας.

422 2953 456 3010 ⁵)
488 2955 659 2997 Ibidem
689 2969 730 3010 p.
764 2951 892 2998 1153.
938 2951 994 2994 Οἳ
1036 2952 1079 2994 ἐν
1119 2956 1217 2997 τοῖς
1259 2949 1439 3004 ὁμοίοις
1469 2957 1646 3011 καιροῖς
1675 2950 1736 2996 τοὶ
1768 2948 1877 3011 παρ’
1911 2949 2031 3009 ἡμῶν
2062 2952 2149 2995 τῶν
2182 2950 2329 3011 ἁμαρ-

243 3025 392 3069 τωλῶν
422 3025 500 3068 νῦν
543 3023 796 3075 αἰτούμενα
827 3022 1108 3083 δεδρακότες
1147 3024 1586 3082 πνευματοκινὴτως’
1628 3025 1705 3067 καὶ
1744 3024 2105 3082 μνημονεύονται
2147 3026 2222 3068 καὶ
2251 3043 2330 3077 με-

243 3098 538 3157 μακάρινται.

421 3170 454 3227 ⁶)
485 3172 652 3214 Ibidem
685 3171 836 3216 B—O.
871 3170 1018 3228 Δεῦρο
1054 3168 1112 3227 δή
1147 3160 1228 3214 οὖν
1261 3168 1356 3214 dmi
1393 3171 1570 3222 δυσμῶν
1604 3167 1627 3213 ὁ
1660 3170 2050 3230 Χριστομίμητος,
2081 3167 2333 3228 Ἀνάστηθι

247 3242 323 3285 καὶ
352 3240 411 3299 μή
446 3239 607 3302 άπώσῃ
646 3241 708 3287 εἷς
748 3245 891 3288 τέλος.
933 3240 1062 3301 Πρός
1107 3243 1154 3285 σὲ
1196 3244 1342 3302 εἴρηκε
1383 3240 1588 3301 Χριστός
1627 3240 1653 3286 ό
1689 3240 1802 3288 θεός
1834 3239 1968 3298 ἡμῶν·
1999 3244 2100 3286 Καὶ
2133 3241 2186 3287 σύ
2216 3245 2337 3287 ποτέ

247 3314 522 3372 ἐπιστρέψας
552 3316 774 3374 στηρίξεις
818 3313 930 3361 τούς
961 3311 1188 3365 ἀδελφούς
1219 3331 1315 3361 σου.
1355 3313 1441 3359 Ἴδε
1474 3315 1499 3359 ὁ
1534 3315 1706 3374 χρόνος
1736 3317 1813 3358 καὶ
1844 3313 1869 3359 o‘
1902 3315 2063 3362 τόπος·
2096 3315 2334 3373 βοήθησον

246 3383 351 3442 ἡμῖν
393 3384 417 3429 ὁ
459 3384 553 3430 ὑπὸ
595 3379 684 3430 τοῦ
729 3389 848 3430 θεοῦ
885 3391 1157 3441 τεταγμένος
1204 3388 1266 3434 εἰς
1309 3391 1471 3432 τοῦτο’
1515 3387 1677 3448 ὄρεξον
1707 3394 1843 3445 χεῖρα
1874 3387 1981 3432 καθ’
2015 3385 2124 3433 ὅσον
2157 3384 2255 3433 οἷόν
2285 3391 2335 3432 τέ

250 3458 386 3503 ἐστιν.
419 3460 535 3509 ἔχεις
563 3456 618 3502 τό
656 3458 829 3510 ἰσχύειν
870 3457 1000 3518 παρὰ
1043 3460 1136 3517 θεῷ
1181 3461 1224 3503 ἐκ
1263 3463 1351 3505 τοῦ
1391 3460 1575 3505 πάντων
1611 3461 1875 3521 πρωτεύειν·
1909 3462 1953 3504 ἐν
1985 3454 2016 3518 ᾧ
2049 3463 2125 3504 καὶ
2156 3462 2332 3518 ἐτέθης.

249 3528 479 3585 Πτόησον,
521 3529 744 3583 δεόμεθα,
787 3529 897 3577 τούς
940 3531 1199 3590 αἰρετικούς·
1239 3536 1391 3592 θῆρας
1439 3534 1618 3593 σύριγγι
1662 3535 1751 3578 τοῦ
1792 3535 1926 3577 θείου
1972 3534 2114 3588 λόγου
2162 3550 2257 3578 σου,
2289 3532 2333 3580 Ὁ

250 3599 420 3658 ποιμήν
454 3599 481 3645 ό
513 3601 660 3656 καλὸς,
705 3605 786 3649 θὲς
830 3602 913 3658 τὴν
955 3604 1108 3663 ψυχὴν
1139 3603 1255 3666 ὑπὲρ
1288 3608 1376 3650 τῶν
1407 3608 1676 3665 προβάτων·
1710 3607 1981 3659 ἱκετεύομεν.
2013 3605 2272 3651 Ἀκουσάτω
2306 3606 2331 3664 ἦ

249 3672 325 3719 ὑπ’
362 3672 580 3733 οὐρανόν,
614 3671 689 3718 ὅτι
720 3673 794 3726 ὑφ’
827 3673 950 3727 ὑμῶν
983 3675 1413 3729 άναθεματίζονται
1456 3682 1702 3726 συνοδικῶς
1733 3679 1778 3722 οἱ
1807 3682 1960 3723 ταῦτα
1991 3680 2332 3737 τετολμηκότες,

252 3748 329 3790 καί
358 3765 407 3802 γε
440 3744 864 3798 άναθεματίζοντες
894 3748 1003 3795 τούς
1035 3748 1197 3803 ἁγίους
1225 3755 1433 3810 πατέρας
1462 3750 1597 3808 ἡμῶν.
1632 3752 1783 3795 Τοῦτο
1818 3753 1883 3809 εἴη
1916 3756 2007 3809 θέῳ
2041 3750 2332 3812 εὐπρόσιτον·
2401 3796 2406 3799 ,

253 3818 459 3874 ἀγγέλοις
489 3821 569 3862 καὶ
601 3818 752 3874 ἁγίοις
781 3821 1092 3880 χαρμόσυνον’
1126 3825 1443 3874 σαλευομένοις
1475 3825 1714 3883 στήριγμα*
1740 3826 2084 3884 ἑδραιουμένοις
2115 3826 2333 3883 ἐπισφρά-

252 3906 407 3946 γισμα·
439 3893 846 3937 καταπεπτωκόσιν
880 3891 1135 3951 ἀνάστημα·
1169 3894 1294 3954 πάσῃ
1329 3897 1530 3952 ἐκκλησίᾳ
1563 3894 1839 3955 όρθοδόξων
1872 3894 2148 3950 ἀγαλλίαμα·
2181 3898 2259 3940 καί
2286 3916 2334 3952 γε

253 3966 314 4024 τῇ
346 3966 403 4026 σῇ
435 3967 771 4026 κορυφαιότητι
802 3965 922 4011 κατά
952 3966 1062 4015 τούς·
1093 3968 1239 4012 πάλαι
1271 3973 1674 4029 προηγησαμένους
1702 3969 1987 4028 μνημόσυνον
2020 3969 2218 4015 αἰώνιον.
