2626 4432
939 184 1298 241 *57*

73 355 418 415 condemnat:
463 351 828 420 „Seditionem
863 349 1078 417 impiam
1118 362 1183 400 ac
1211 344 1614 412 detestandam,
1656 344 1754 398 Dei
1786 343 1971 397 electis
1998 360 2160 412 pere-

72 449 282 516 grinam
321 453 375 499 et
413 447 667 511 alienam,
717 461 878 512 *quam
932 436 1090 511 pauci
1128 441 1368 515 homines
1402 439 1671 492 temerarii
1726 444 1779 490 et
1830 437 2066 490 audaces
2106 438 2159 488 in

54 520 636 593 'tantuminsolentiae
673 536 1058 602 accenderunt,
1114 541 1174 586 ut
1213 531 1565 585 honorificum
1616 536 1669 582 et
1699 530 1909 582 illustre
1965 545 2160 582 nomen

73 640 312 687 vestrum
349 639 404 686 et
440 635 508 685 ab
549 633 791 684 omnibus
819 630 986 683 amari
1012 626 1030 659 ¹
1069 629 1283 696 dignum
1314 627 1664 679 vehementer
1703 624 2156 692 blasphemetur.„

72 725 298 780 Utinam>
320 739 490 794 porro
526 724 627 791 qui·
654 723 790 775 tales
831 727 979 787 sunt,
1026 721 1140 773 has
1166 719 1410 793 ejusdem
1448 717 1695 786 discipuli
1734 722 1789 768 et
1827 717 2159 769 successoris

71 819 460 889 Apostolorum
504 816 762 886 principis
801 814 1192 868 admonitiones
1223 810 1246 843 2
1286 813 1535 866 audirent
1574 816 1734 878 atque
1780 817 2160 877 sequerentur:

77 900 519 983 „Justumigitur
558 913 612 959 et
650 907 792 975 pium
833 913 939 973 est,
978 907 1171 973 inquit,
1212 898 1582 968 virirfr'atreS,
1643 901 1760 953 Deo
1806 901 1986 969 potius
2025 902 2158 954 obe-

73 1008 416 1061 dientesnos
465 1018 614 1069 esse,
678 1017 835 1068 quam
890 1001 957 1052 ini
997 1001 1253 1068 superbia
1311 1005 1367 1050 et
1422 990 1746 1049 turbulentia
1801 993 2158 1046 detestandae

73 1098 441 1165 aemulationis
481 1097 646 1150 duces
685 1102 739 1148 et
777 1101 1028 1148 auctores
1068 1096 1234 1163 sequi.
1291 1094 1675 1146 Detrimentum
1713 1091 1851 1145 enim
1874 1106 1981 1143 non
2017 1090 2158 1155 leve,

69 1195 229 1260 immo
267 1207 400 1244 vero
439 1189 647 1259 grande
684 1190 979 1258 periculum
1008 1189 1409 1260 sustinebimuffi
1449 1188 1495 1239 si
1521 1187 1944 1255 praecipitanter
1967 1176 2159 1238 volun·
2202 1179 2207 1182 ’

17 1274 33 1277 ”
71 1286 271 1350 tatibus
307 1284 576 1337 hominum
599 1279 715 1337 .nos
754 1281 1163 1350 tradiderimuS,
1219 1282 1310 1350 qui
1361 1281 1430 1333 ad
1485 1279 1880 1333 contentionem
1920 1283 1974 1330 et
2012 1277 2157 1330 sedi-

70 1379 244 1432 tiones
283 1360 598 1443 collineant,
658 1382 717 1429 ut
748 1372 858 1429 ¹nos
913 1379 980 1430 ab
1028 1391 1095 1429 eo
1149 1375 1292 1444 quod
1342 1380 1547 1428 rectum
1596 1379 1649 1426 et
1695 1375 1892 1442 bonum
1942 1378 2031 1425 est¹
2063 1375 2161 1425 ab-

71 1471 353 1540 alienent.„
421 1469 501 1546 Et
558 1476 851 1539 propterea
880 1467 903 1502 3
969 1468 1272 1523 concludit:
1340 1466 1790 1537 „Adhaereamu's
1843 1467 2026 1534 itaque
2079 1465 2159 1532 iis,

72 1566 161 1633 qui
194 1581 317 1623 cum
355 1556 557 1635 pietate
589 1580 778 1633 paoem
818 1564 1027 1631 colunt,
1051 1578 1174 1616 -non
1202 1567 1379 1615 autem
1411 1562 1502 1629 iis,
1549 1562 1637 1629 qui
1675 1577 1794 1615 cum
1822 1560 2159 1614 simulatione

70 1640 261 1728 pacem
299 1659 534 1726 volunt„
614 1655 726 1710 Sed
779 1658 870 1710 ubi
923 1663 978 1710 et
1026 1657 1238 1724 quinam
1291 1656 1396 1708 sint
1451 1656 1601 1732 pacis
1641 1670 1760 1708 cum
1799 1655 2003 1722 pietate
2042 1653 2158 1706 cul-

70 1760 247 1821 toreS,
296 1754 519 1807 arduum
573 1771 642 1806 ex
694 1751 1024 1822 praestitutis
1077 1766 1184 1804 non
1234 1757 1317 1804 est
1380 1751 1629 1817 novisse,
1692 1749 1942 1816 idemque
1991 1747 2155 1800 multo

72 1850 243 1905 etiamr
268 1849 568 1903 evidentius
607 1866 672 1902 ea
709 1846 1038 1917 patefacient
1090 1861 1228 1914 quae
1268 1844 1384 1914 jam
1424 1843 1750 1913 exponenda
1788 1841 2153 1911 adgredimur.

357 2155 456 2260 ὀ
569 2266 575 2272 ¹
891 2182 1188 2243 CAPUT
1234 2183 1347 2241 ιιι.

494 2295 501 2301 ’
657 2325 728 2383 De
765 2337 1013 2382 romanae·
1058 2322 1280 2381 unitatis
1318 2320 1582 2395 principio.

213 2479 248 2530 l.
290 2479 641 2545 Sinyulare'um
676 2480 1012 2532 eeclesiarum
1052 2480 1225 2531 unitas
1264 2492 1328 2529 ea:
1352 2479 1621 2544 ‚episcopis
1660 2477 2025 2544 sinyularibuS.
2089 2535 2092 2541 ¹

219 2608 302 2660 ¹71.
342 2607 511 2661 Nemo
548 2614 658 2674 est,
713 2609 802 2676 qui
839 2623 947 2660 non
983 2607 1143 2661 facile
1181 2613 1531 2675 assequatur,
1580 2607 1742 2661 fidem
1784 2608 2156 2661 concordiam·
2245 2668 2252 2676 ι
2307 2616 2372 2676 ¹·.
2431 2668 2439 2676 ,

22 2706 24 2708 ’
73 2717 174 2767 que
215 2709 569 2768 communem,
611 2702 968 2771 objectivam‚
1008 2702 1261 2762 socialem
1300 2707 1354 2754 et
1390 2700 1656 2769 publicam
1690 2701 1969 2767 requirere
2008 2702 2155 2769 prin·
2172 2668 2371 2713 Elnscom
2398 2676 2475 2703 Μ’

72 2794 265 2863 cipium
331 2811 620 2848 causamve
677 2812 1037 2864 communem,
1102 2796 1461 2863 objectivam,
1516 2795 1790 2870 ‚socialem
1849 2796 2159 2863 pariterque

71 3049 206 3109 θάὸηγ
228 3050 500 3113 ὑπάρχοντα,
529 3056 591 3103 εἰς
625 3060 839 3098 τοσοῦτον
872 3050 1091 3104 ἀπονοίας
1123 3053 1395 3108 ἐξέκαυσαν,
1429 3051 1543 3098 ὥστε
1574 3052 1624 3097 τὸ
1657 3050 1820 3109 σεμνον
1851 3055 1925 3096 καὶ
1945 3051 2159 3112 περινόη-

72 3140 146 3168 τον
175 3127 250 3183 καὶ
280 3124 420 3169 πᾶσιν
452 3122 722 3186 ἀνθρώποις
755 3124 1063 3187 ἀξιαγάπητον
1096 3124 1239 3185 ὄνομα
1279 3124 1403 3185 ὑμῶν
1431 3126 1639 3185 μεγάλως
1670 3126 2070 3186 βλασφημηθῆναι.

145 3218 151 3221 <
193 3198 209 3226 ¹
239 3197 404 3241 Nonne
436 3199 553 3242 haec
585 3199 646 3242 ad
675 3200 890 3243 amussim
923 3201 1156 3257 qdadrant
1186 3200 1293 3243 hinc
1333 3200 1379 3244 in
1422 3213 1663 3244 romanam
1703 3202 1869 3243 nostra
1915 3200 2002 3242 hac
2046 3202 2159 3242 tem-

72 3273 256 3325 pestate
285 3271 554 3327 ecclesiam,
586 3276 634 3317 et
663 3272 767 3316 inde
798 3273 844 3316 in
877 3274 1181 3318 calamitosos
1223 3274 1333 3318 illos
1363 3273 1573 3317 homines
1606 3273 1684 3330 qui
1724 3271 1986 3316 incredibili
2015 3270 2156 3314 auda-

73 3341 148 3384 cia
178 3355 233 3386 ac
264 3343 549 3400 temeritate,
596 3346 701 3404 parvi
739 3347 947 3390 vanitate
979 3351 1118 3405 atque
1150 3346 1404 3391 insolentia
1435 3345 1621 3403 abrepti
1652 3345 1699 3391 in
1730 3344 1860 3388 illam
1890 3343 2152 3401 insurgunt,

73 3414 201 3458 cuius
232 3415 356 3458 lacte
387 3417 578 3461 enutriti
607 3416 835 3462 fuerunt?

159 3542 166 3547 N
193 3486 211 3514 ²
242 3487 350 3530 lbid.
383 3502 425 3532 n.
459 3491 526 3533 14.
587 3492 768 3535 Δίκαιον
799 3486 878 3536 οὖν
908 3495 981 3537 καὶ
1006 3487 1130 3545 ὅσιον
1172 3492 1333 3554 ἄνδρες
1366 3491 1587 3550 ἀδελφοὶ,
1633 3490 1859 3551 ὑπηκόους
1891 3489 2008 3550 ἡμᾶς
2037 3494 2154 3550 μᾶλ-

73 3562 149 3605 λον
187 3562 407 3619 γενέσθαι
447 3560 509 3619 τῷ
553 3561 653 3621 θεῷ
692 3561 720 3620 ἦ
758 3570 851 3614 τοῖς
893 3565 938 3608 ἐν
984 3562 1220 3623 ἀλαζονείᾳ
1264 3569 1339 3610 καὶ
1380 3564 1694 3623 ἀκαταστασία
1733 3549 1948 3626 μυσαροῦ
1994 3563 2154 3621 ζήλους

74 3632 292 3694 ιὶρχηγοῖς
323 3634 657 3687 ἐξακολουθεῖν.
709 3633 887 3694 Βλάβην
917 3635 1006 3696 γὰρ
1039 3634 1092 3681 οὐ
1123 3638 1200 3694 τὴν
1231 3645 1470 3694 τυχοῦσαν,
1502 3641 1673 3697 μᾶλλον
1706 3639 1755 3683 δὲ
1786 3638 1990 3683 κίνδυνον
2022 3637 2153 3682 ὑποί-

73 3708 210 3766 σομεν
241 3709 404 3766 μέγαν,
444 3707 521 3752 ἐὰν
553 3706 879 3768 ῥιψοκινδύνως
911 3708 1138 3767 ε’πιὸὦμεν
1176 3710 1362 3761 ἑαυτοὺς
1410 3719 1504 3762 τοῖς
1536 3713 1793 3770 θελήμασιν
1833 3708 1919 3755 τῶν
1959 3708 2153 3772 ἀνθρώ-

73 3796 192 3834 πων,
232 3781 387 3831 οἵτινες
427 3782 780 3835 ἐξακοντίζουσιν
821 3784 883 3833 εἰς
926 3784 1020 3843 ἔριν·
1056 3786 1131 3827 καὶ
1169 3782 1380 3839 στάσεις,
1427 3786 1489 3835 εἰς
1528 3783 1579 3830 τὸ
1618 3781 1987 3845 ἀπαλλοτριῶσαι
2032 3781 2151 3841 ἡμᾶς

73 3858 157 3896 τοῦ
180 3851 354 3904 καλλῶς
386 3856 582 3910 ἔχοντος.
1574 3907 1581 3911 ,

192 3925 346 3970 3111ἰᾶ.
377 3940 419 3970 n.
454 3929 521 3970 15.
587 3931 745 3973 Τοίνυν
773 3927 1067 3988 κολληθῶμεν
1100 3937 1193 3981 τοῖς
1224 3929 1318 3989 μετ’
1358 3930 1587 3991 εὐσεβείας
1626 3930 1943 3993 εἰρηνεύουσιν,
1983 3935 2058 3977 καὶ
2087 3932 2148 3991 μὴ

75 4005 169 4050 τοῖς
198 3998 307 4058 μεθ’
339 3998 618 4062 ὑποκρίσεως
648 4002 936 4061 βουλομένοις
967 4002 1150 4065 εἰρήνην.

1718 4080 1806 4134 4ἥὲ
