2716 4446
1074 231 1299 297 -235
1353 269 1433 301 -7

203 378 364 432 miter
401 377 469 430 ad
505 376 830 448 placendum
868 377 988 432 Deo
1017 379 1361 452 animamque
1390 380 1704 434 salvandam
1732 381 1977 435 veritatis
2003 380 2290 459 formulam

205 463 872 541 apostolicae'traditionis
914 491 1098 526 secum
1156 474 1540 527 confiterentur
1578 481 1631 528 et
1667 474 2103 546 praedicarent„
2180 473 2292 527 Sed

205 564 479 617 enimvero
517 563 662 618 hanc
696 564 893 634 (ἐμέο-ως
930 568 1010 620 rei
1048 568 1313 621 rationem
1350 568 1657 638 praemisit:
1701 567 1897 636 „fidem
1927 567 2136 621 scilicet
2171 567 2289 621 fun-

204 656 383 710 datam
425 676 587 728 super
622 658 831 723 firmam
859 668 1071 728 petram
1099 703 1110 716 .
1137 701 1148 714 ,
1176 703 1188 716 .
1229 660 1377 714 beati
1411 661 1558 713 Petri
1596 662 1773 731 gratia
1814 670 1977 732 atque
2015 661 2288 732 praesidio

195 749 273 804 -ab
300 752 447 803 omni
484 770 663 804 errore
690 751 955 805 illibatam
981 772 1353 823 permanere„
1391 754 1512 807 Nisi
1539 756 1683 808 enim
1709 756 1906 808 erroris
1933 754 2290 826 fallaciaeque

202 843 505 914 periculum
525 864 558 897 a
574 863 828 899 romanae
852 845 998 899 sedis
1017 846 1354 916 professione
1377 847 1535 916 absit,
1559 847 1710 901 nulla
1731 848 1801 901 ad
1822 867 1942 901 eam
1962 848 2289 919 amplecten-

204 937 329 990 dam
350 939 612 991 exsistere
633 946 814 1009 potest
838 940 1165 1008 neceSsitas3
1194 939 1335 993 hanc
1355 947 1537 994 tamen
1556 941 1786 995 Veteres
1808 942 2071 995 fatentur:
2095 950 2150 996 et
2170 961 2291 995 eam

204 1029 423 1102 quidem
462 1031 1035 1102 constantinopolitani
1072 1040 1256 1111 patres
1297 1052 1419 1086 cum
1447 1033 1736 1104 Agathone
1774 1035 2014 1089 fatentur
2050 1037 2288 1089 necessi-

203 1133 371 1179 tatem
410 1126 627 1196 salutis3
688 1127 1012 1180 confitentur
1049 1146 1178 1206 ergo
1219 1128 1365 1199 quod
1403 1128 1620 1198 Agatho
1678 1127 1862 1182 verbis
1922 1129 2139 1182 disertis
2197 1129 2289 1182 ex-

204 1221 415 1291 pressit,
439 1220 581 1274 fidei
618 1220 845 1275 formam
871 1222 1462 1293 praeformationesque
1489 1220 1836 1276 romanorum
1863 1224 2181 1295 pontificum
2220 1223 2289 1276 ab

205 1314 417 1382 erroris⁷
458 1313 705 1367 fallaciae
744 1314 1113 1387 falsitatisque!
1152 1315 1440 1369 formidine
1479 1317 1747 1370 inmunes.
1825 1315 1935 1371 Sed
1969 1317 2162 1371 horum
2204 1318 2290 1371 vis

134 1450 137 1454 .
203 1406 552 1460 vehementer
590 1416 820 1480 augetur
858 1417 911 1463 et
949 1411 1162 1472 crescit,
1205 1412 1250 1463 si
1301 1409 1465 1481 paulo
1507 1410 1822 1482 diligentius
1863 1411 2237 1466 consideretur

629 1587 669 1632 7.
700 1590 902 1631 Romana
933 1591 1060 1646 sedes
1092 1591 1214 1633 velut
1245 1596 1401 1634 auctor
1431 1592 1717 1635 formularum
1748 1593 1866 1636 fidei.

249 1816 260 1823 ἱ
377 1752 498 1806 262.
539 1752 900 1825 Eamitaque
940 1757 1310 1810 oeconomiam
1348 1764 1626 1828 receptam
1665 1758 1836 1812 fuisse
1875 1759 2142 1827 novimUS,
2185 1777 2293 1830 qua

178 1863 316 1898 1non
354 1846 718 1916 praeformata
757 1847 824 1900 de
863 1848 969 1901 fide
1008 1849 1243 1918 iudicia,
1292 1851 1388 1904 sed
1414 1853 1730 1922 ⁴expressae
1776 1851 1903 1904 fidei
1953 1851 2216 1905 formulae
2260 1872 2294 1905 a

204 1939 441 1991 romanis
481 1939 825 2010 pontificibus
865 1949 919 2003 et
957 1942 1176 2012 quidem
1217 1944 1352 1996 citra
1389 1944 1668 2014 generalia
1724 1945 1956 1998 concilia
2007 1946 2184 2000 editae
2238 1954 2308 2000 et·

208 2031 632 2087 subscribendae
670 2045 1119 2105 proponerentur.
1166 2037 1248 2089 Eo
1288 2037 1494 2091 faciunt
1521 2039 1871 2109 'potissimum
1909 2053 1915 2058 '
2280 2114 2282 2117 v

383 2127 428 2181 1.
479 2127 725 2180 >formula
788 2128 856 2181 ab
927 2129 1220 2182 Hormisda
1287 2132 1541 2202 pontifice
1610 2134 1948 2204 praescripta
2017 2134 2288 2205 episcopis
2367 2157 2588 2194 Homisdae.

208 2219 512 2292 0116111161),
540 2223 649 2292 >qui
688 2221 994 2275 schismatis
1033 2223 1301 2278 Acaciani
1339 2226 1637 2297 participes
1679 2235 1890 2282 essent:
1932 2235 2047 2280 tum

381 2296 431 2365 2'.
473 2313 780 2384 symbolum
837 2315 967 2368 fidei
1023 2335 1055 2369 a
1112 2315 1297 2371 Leone
1337 2337 1480 2372 nono
1509 2319 1551 2391 9³)
1592 2321 1934 2390 propositum
1972 2321 2134 2375 Petro
2176 2322 2288 2392 epi-
2373 2338 2502 2371 Leonis
2521 2339 2586 2375 IX.

208 2423 402 2476 scopo:
442 2407 639 2461 iterum

380 2500 428 2551 3.
469 2500 704 2553 formula
742 2505 1083 2574 praescripta
1110 2505 1362 2558 omnibus
1392 2505 1661 2560 ecclesiae
1702 2497 2059 2561 occidentalis
2097 2516 2292 2563 metro-

206 2590 464 2662 politanis
489 2594 533 2664 3)
574 2612 606 2645 a
642 2594 899 2647 Paschali
939 2583 1178 2650 secundo
1214 2599 1275 2650 in
1316 2600 1522 2670 synodo
1562 2619 1817 2654 romana:
1858 2601 2057 2656 deinde
2151 2594 2154 2596 ξ
2352 2618 2609 2656 Paschaziell.

379 2686 430 2738 4.
469 2687 735 2757 professio
774 2689 903 2742 fidei
941 2690 1010 2743 ab
1049 2691 1368 2746 Innocentio
1408 2695 1568 2747 tertio
1595 2696 1936 2766 praescripta
1959 2695 2004 2769 4)
2031 2695 2292 2751 Walden-
2332 2712 2609 2750 Innocent.111.

145 2850 155 2852 ν
210 2777 387 2832 sibus:
427 2799 588 2851 porro

381 2874 430 2928 5.
471 2874 600 2927 fidei
639 2876 910 2930 confessio
951 2898 984 2931 a
1023 2877 1304 2934 Clemente
1342 2890 1533 2952 quarto
1572 2882 1831 2936 Michaeli
1885 2883 2216 2955 Palaeologo
2241 2885 2285 2959 ⁵)
2352 2901 2514 2938 clement.
2544 2904 2611 2938 11⁷.

158 3000 163 3006 ,
208 2969 517 3039 proposita:
557 2970 772 3023 accedit
885 2967 889 2971 ’
2022 2965 2028 2970 ’

382 3063 432 3117 6.
469 3064 736 3134 professio
777 3065 906 3118 fidei
944 3086 977 3120 a
1013 3066 1111 3121 Pio
1152 3076 1345 3140 quarto
1369 3070 1415 3142 6)
1457 3071 1826 3142 praescripta:
1866 3072 1956 3126 cui
1993 3072 2215 3126 tandem
2400 3097 2460 3130 Pii
2483 3094 2578 3134 117,Ι
2658 3075 2661 3078 ⁴

215 3237 557 3249 -..-—--—-..-..

389 3353 422 3407 ¹)
452 3354 493 3395 A
524 3356 681 3408 quibus
709 3370 863 3410 reapse
894 3371 983 3398 una
1014 3371 1112 3399 cum
1151 3359 1413 3413 imperatore
1455 3360 1723 3414 Justiniano,
1762 3362 2020 3415 patriarchis
2053 3363 2291 3403 constanti·

212 3424 475 3476 nopolitanis
515 3426 793 3481 Epiphanio,
835 3429 1026 3479 Joanne,
1047 3434 1090 3470 et
1128 3431 1317 3483 Menna,
1372 3433 1437 3472 uti
1487 3433 1535 3472 in
1577 3433 1762 3474 concilio
1808 3435 2090 3475 oecumenico
2136 3439 2290 3476 octavo

213 3495 383 3535 actione
413 3488 556 3549 prima
595 3496 842 3552 subscripta
884 3500 968 3540 fuit
1007 3514 1034 3540 a
1072 3501 1270 3557 patribus
1301 3503 1470 3555 graecis
1503 3517 1642 3557 aeque
1673 3517 1727 3545 ac
1756 3505 1922 3546 latinis.
1969 3506 2081 3548 Vide
2111 3506 2290 3549 Henric.

213 3565 428 3623 Denzing.
461 3567 627 3609 enchir.
657 3570 688 3613 1,
722 3584 760 3610 (3.
791 3584 834 3612 11.
868 3569 964 3613 141.

390 3637 424 3694 ²)
455 3641 524 3682 De
556 3654 641 3694 quo
674 3642 729 3686 cf.
760 3642 866 3684 ibid.
906 3657 948 3687 11.
979 3642 1078 3686 292.

392 3712 423 3767 ⁸)
458 3713 524 3757 Cf.
556 3714 742 3755 eundem
771 3715 876 3758 ibid.
906 3729 950 3758 11.
981 3714 1080 3770 299,

393 3784 426 3841 ⁴)
456 3786 626 3827 Ibidem
652 3801 725 3830 nn.
756 3785 854 3829 366.
889 3802 984 3842 sqq.

389 3859 424 3916 ⁵)
457 3863 599 3913 Quam
629 3863 842 3916 Gregorio
872 3863 928 3906 X.
959 3864 1055 3917 ipse
1084 3863 1132 3904 in
1163 3864 1348 3905 concilio
1379 3864 1644 3919 lugdunensi
1682 3867 1741 3912 ΙΙ.
1775 3867 1944 3920 obtulit,
1986 3867 2040 3909 de
2072 3881 2157 3922 quo
2187 3868 2289 3910 vide

119 3959 123 3962 -
207 3933 433 3988 ›Denzingn
466 3934 495 3979 1,
528 3949 566 3979 c.
598 3949 671 3979 1111,
702 3934 804 3979 383.
836 3949 932 3990 sqq.

392 4003 425 4062 ἢ
442 4006 615 4048 Dicitur
635 4008 767 4049 etiam
787 4007 999 4062 professio
1020 4007 1122 4050 fidei
1144 4008 1419 4066 tridentinae,
1443 4011 1561 4065 quod
1581 4015 1727 4066 patres
1745 4011 1971 4054 tridentini
1993 4025 2100 4058 sess,
2121 4012 2287 4058 XXIV.

1938 4096 2029 4144 300
