2626 4432
1024 159 1390 216 -15-

167 326 430 378 ecclesiae
468 324 642 377 unitas
681 320 932 390 splendet
970 327 1024 375 et
1057 322 1250 375 emicat
1277 321 1535 388 maxime,
1576 320 1619 371 si
1659 320 1834 373 unitas
1860 319 1980 387 ipsa
2011 308 2252 383 romana,

167 434 271 486 qua
311 434 426 471 cum
469 417 562 469 illa
600 433 704 468 una
744 414 1041 483 eademque
1080 420 1163 467 est
1203 414 1371 468 oculis
1412 414 1713 482 objiciatur.
1782 410 1952 465 Unius
1992 411 2129 463 enim
2170 410 2252 461 vi-

167 514 333 566 sibilis
373 513 558 581 gregis
605 516 796 579 pastor
834 508 988 563 adest
1019 505 1038 538 ¹
1079 509 1429 576 conspicuuS,
1471 507 1570 574 {qui
1625 507 1722 559 toti
1761 504 2072 575 praesideat
2109 503 2251 566 ovili,

167 620 457 673 omnesque
505 620 638 658 oves
689 607 741 657 in
788 605 992 658 unitate
1045 604 1332 668 contineat.
1410 600 1582 655 Unum
1632 606 1856 670 praesto
1908 604 1992 652 est
2040 597 2253 649 visibile

166 707 427 765 centrum,
461 716 530 751 ex
566 713 671 766 quo
705 699 759 750 in
798 713 982 751 omnes
1023 702 1209 765 partes
1247 695 1384 749 radii
1422 695 1668 749 veritatis
1707 693 1992 745 dimanent.

190 947 193 949 Β
314 873 395 928 19.
429 874 582 938 Quod
609 874 822 942 quidem
846 874 1047 928 diserte
1074 873 1379 943 Cyprianus
1396 873 1418 906 ²
1451 876 1632 930 docet:
1675 875 1780 945 „Ut
1804 876 2058 935 unitatem
2083 875 2251 928 mani·
2270 882 2515 927 Cyprianus.

162 970 386 1023 festaret
424 967 488 1034 (i.
527 985 570 1021 e.
611 969 957 1037 conspicuam
995 965 1258 1037 faceret),
1298 985 1457 1021 unam
1496 969 1807 1022 cathedram
1851 969 2153 1036 constituit,
2197 974 2253 1020 et

163 1060 381 1114 unitatis
417 1059 658 1129 ejusdem
699 1060 960 1126 originem
999 1061 1067 1112 ab
1105 1074 1212 1111 uno
1251 1059 1594 1127 incipientem
1645 1074 1743 1112 sua
1780 1061 2102 1113 auctoritate
2138 1061 2250 1113 dis-

137 1152 369 1222 .posuit:
408 1152 674 1205 Primatus
711 1153 876 1205 Petro
917 1153 1097 1220 datur,
1136 1160 1194 1206 ut
1231 1142 1337 1206 una
1376 1152 1578 1206 Christi
1615 1156 1849 1207 ecclesia
1898 1161 1953 1207 et
1991 1155 2248 1219 cathedra

158 1260 267 1298 una
304 1253 682 1314 monstretur„
761 1245 997 1308 Quocum
1036 1239 1374 1314 Augustinus
1402 1244 1425 1278 ³
1462 1248 1623 1316 plane
1650 1248 1950 1317 conspirat:
1993 1246 2544 1318 „'1nips0,-4u9n³te'nus›

162 1336 347 1407 inquit,
380 1339 542 1391 Petro
582 1339 835 1391 unitatem
865 1335 887 1369 4
927 1339 1335 1393 commendavit.
1389 1341 1544 1394 Multi
1584 1346 1740 1394 erant
1762 1338 2033 1410 Apostoli,
2074 1347 2127 1394 et
2164 1343 2249 1394 uni

161 1432 381 1499 dicitur,
421 1447 587 1502 pasce
627 1447 760 1484 oves
799 1448 999 1501 meas„
1058 1431 1128 1485 Et
1154 1449 1271 1486 cum
1299 1439 1530 1502 utroque
1558 1434 1824 1488 consentit
1852 1432 1873 1464 5
1911 1433 2248 1488 Bernardus:
2270 1443 2528 1478 Bernartius·

160 1524 265 1594 ,Et
295 1515 465 1591 forte,
501 1524 608 1592 ait,
650 1512 973 1596 praesentes·
1007 1528 1173 1579 ceteri
1214 1527 1567 1599 condiscipuli
1595 1534 1780 1595 erant,
1822 1544 1981 1596 quum
2009 1528 2250 1581 commit-

159 1625 279 1672 tens
312 1619 401 1671 uni
433 1618 689 1671 unitatem
729 1618 1129 1672 commendaret
1166 1621 1221 1672 in
1259 1636 1364 1674 uno
1393 1638 1564 1690 grege
1605 1627 1656 1674 et
1683 1621 1737 1673 in
1771 1637 1876 1674 uno
1901 1627 2174 1690 pastore.„

158 1912 361 1966 visibilis
394 1922 461 1967 sit
491 1913 829 1980 materialiter,
860 1926 911 1969 ut
943 1923 1120 1981 dicunt,
1168 1924 1394 1981 spectatis
1426 1923 1608 1968 scilicet
1638 1922 1856 1968 membris
1889 1936 1915 1967 e
1946 1923 2111 1981 quibus
2144 1936 2253 1969 con-

163 1991 327 2051 flatur,
359 2008 415 2040 ea
447 1995 567 2040 enim
600 2009 689 2053 pro
721 1996 875 2042 stadio
900 1998 1119 2042 terrestri
1148 1997 1410 2043 hominibus
1435 1996 1700 2042 visibilibus
1725 1997 2093 2043 constituuntur:
2127 1997 2251 2055 quod

159 2068 315 2126 itaque
348 2069 394 2113 in
427 2069 744 2127 quaestionem
778 2070 1022 2115 adducitur
1053 2072 1144 2116 hoc
1177 2074 1271 2127 est,
1314 2072 1376 2116 sit
1414 2071 1615 2116 ecclesia
1655 2084 1799 2116 necne
1841 2070 2040 2115 visibilis
2079 2068 2252 2115 forma-

160 2140 284 2196 liter,
317 2145 544 2198 quatenus
577 2142 800 2201 legaliter
831 2141 1042 2187 instituta
1075 2142 1276 2188 ecclesia
1306 2143 1669 2201 promissionum
1702 2148 1785 2188 est.
1832 2144 1975 2201 Atqui
1999 2144 2088 2187 hoc
2113 2157 2252 2187 sensu

159 2214 392 2259 visibilem
423 2228 528 2259 esse
574 2216 1126 2273 ecclesiam-ostendunt,
1174 2230 1290 2273 quae
1338 2217 1394 2261 de
1433 2217 1631 2261 iuridica
1673 2217 1772 2261 eius
1815 2216 2148 2262 constitutione
2196 2229 2252 2260 ac

161 2286 509 2332 continua-tione
549 2301 605 2332 ex
646 2288 874 2333 sententia
916 2288 1112 2344 Christi,
1157 2302 1181 2332 e
1234 2294 1386 2334 mente
1428 2290 1769 2347 Apostolorum
1827 2290 2109 2347 Patrumque
2155 2292 2252 2333 tra-

162 2360 336 2406 ditione
369 2361 614 2420 historice,
648 2363 889 2422 exegetice
922 2367 1060 2421 atque
1097 2363 1359 2422 dogmatice
1393 2366 1624 2408 constant.

280 2435 296 2463 1
328 2434 433 2480 doh.
463 2435 519 2479 X.
556 2438 578 2478 1
612 2426 712 2493 sqq.

281 2507 298 2534 ²
329 2507 395 2551 De
427 2508 538 2552 unit.
572 2509 685 2552 eccl.

279 2580 303 2617 ³>
330 2580 431 2625 Ser.
454 2581 615 2626 XLVI.
651 2596 692 2626 n.
726 2585 796 2627 13.
1092 2628 1099 2631 ,

273 2655 294 2684 4
326 2655 558 2700 Unitatem
600 2655 818 2713 profecto
864 2657 1119 2713 visibilem,
1168 2670 1285 2715 quae
1330 2655 1610 2711 conspicuae
1654 2653 1873 2698 convenit
1917 2653 2146 2697 ecclesiae
2193 2654 2249 2697 de

157 2743 248 2787 qua
279 2729 442 2774 eximie
473 2730 575 2788 ipse
612 2732 899 2790 Augustinus
939 2733 1006 2777 ita
1046 2732 1233 2776 disserit
1280 2728 1403 2786 apud
1442 2728 1534 2772 Mai
1574 2727 1628 2771 N.
1663 2727 1752 2771 ΡΡ.
1786 2726 1885 2770 Bib.
1928 2730 1959 2770 t.
1993 2727 2022 2770 1.
2072 2740 2114 2783 p.
2152 2727 2541 2786 167·Anyustz·nu.s·.

157 2791 194 2848 s}
226 2803 469 2848 LXXXVI.
501 2804 547 2848 in
580 2806 738 2862 pasch.
770 2819 813 2849 n.
838 2808 886 2849 2:
934 2806 1079 2862 „Ecce
1112 2802 1328 2860 discipuli
1361 2805 1407 2846 et
1438 2801 1671 2847 Christum
1704 2800 1920 2844 viderunt
1951 2804 2061 2856 post
2092 2813 2248 2843 resur-

159 2874 436 2931 rectionem,
468 2879 515 2920 et
539 2864 628 2920 hoc
654 2873 856 2920 futurum
880 2874 1024 2920 fuisse
1048 2877 1321 2934 Scripturas
1345 2879 1534 2920 sanctas
1567 2887 1650 2918 ore
1675 2873 1820 2930 ipsius
1846 2873 2103 2918 audierunt.
2149 2874 2247 2918 Nos

156 2947 391 2993 Christum
421 2945 718 3005 praesentem
755 2949 974 3006 in-carne
1017 2963 1110 2994 non
1150 2950 1372 3006 vidimus3
1419 2949 1502 2993 sed
1540 2947 1839 3004 ScripturaS,
1888 2946 2052 3005 quibus
2093 2951 2139 2991 et
2178 2948 2249 2991 illi

86 3040 91 3043 ¹
155 3015 328 3081 firmati
374 3021 502 3076 sunt,
548 3021 719 3065 cotidie
760 3034 865 3066 cum
904 3023 1125 3080 leguntur
1165 3022 1387 3067 audimus.
1449 3022 1507 3066 Et
1548 3021 1656 3078 quid
1702 3020 1758 3064 de
1797 3020 2057 3077 Scripturis
2099 3020 2248 3065 dixit?

155 3082 425 3157 Praedicari
446 3093 500 3137 *in
525 3093 708 3138 nomine
741 3095 840 3140 eius
864 3097 1196 3153 poenitentiam
1228 3100 1275 3141 et
1298 3095 1618 3141 remissionem
1648 3097 1953 3152 peccatorum
1977 3107 2062 3151 per
2088 3107 2247 3139 omnes

157 3169 343 3223 gentes,
385 3165 658 3223 incipientes
699 3167 758 3212 ab
810 3169 1114 3214 Hierusalem.
1176 3170 1277 3214 Hoc
1320 3169 1535 3227 discipuli
1580 3181 1673 3212 non
1715 3166 1959 3223 videbant;
2013 3167 2248 3213 Christum

157 3238 376 3283 videbant
408 3238 464 3283 de
496 3237 655 3284 futura
685 3241 885 3285 ecclesia
914 3242 1152 3287 dicentem.
1217 3242 1407 3286 Dicente
1438 3241 1596 3299 itaque
1621 3240 1809 3287 Christo
1842 3240 1967 3296 quod
2001 3253 2095 3284 non
2119 3240 2248 3284 vide-

157 3310 272 3356 bant
302 3310 569 3357 credebant.
629 3313 782 3371 Caput
812 3314 1056 3370 videbant,
1091 3328 1262 3372 corpus
1294 3314 1495 3359 nondum
1526 3313 1759 3357 videbant.
1820 3312 1920 3357 Nos
1967 3325 2140 3370 corpus
2182 3314 2249 3356 vi-

159 3383 340 3440 demus,
372 3384 428 3429 de
459 3385 613 3443 capite
645 3387 887 3431 credimus.
949 3389 1050 3432 Duo
1083 3392 1209 3443 sunt,
1251 3401 1451 3446 sponsus
1484 3392 1533 3433 et
1563 3401 1759 3445 sponsa,
1801 3391 1944 3444 caput
1983 3391 2031 3431 et
2061 3381 2248 3444 corpus,

159 3454 376 3507 Christus
408 3461 455 3502 et
480 3459 699 3519 ecclesia.
761 3460 1011 3518 Discipulis
1043 3461 1246 3518 seipsum
1278 3462 1483 3506 ostendit
1514 3467 1562 3506 et
1597 3461 1842 3506 ecclesiam
1874 3460 2103 3518 promisit.
2155 3461 2249 3505 No-

159 3528 231 3573 bis
264 3529 509 3574 ecclesiam
542 3531 760 3585 ostendit,
793 3532 847 3576 de
872 3534 1048 3590 seipso
1078 3534 1271 3577 credere*
1294 3535 1550 3593 praecepit.
1590 3536 1740 3582 Unum
1764 3532 1989 3577 videbant
2015 3533 2249 3591 Apostoli,

157 3601 283 3668 aliud
313 3615 407 3646 non
440 3601 673 3647 videbant.
708 3594 792 3647 ‘Et
832 3618 918 3648 nos
959 3618 1095 3648 unum
1134 3605 1366 3661 videmus,
1414 3607 1540 3651 aliud
1587 3620 1681 3652 non
1720 3607 1944 3650 videmus.
2006 3606 2247 3661 Quomodo

158 3674 231 3718 illi
256 3688 285 3718 a
311 3678 562 3731 praesente
595 3675 747 3732 capite
780 3677 1032 3722 credebant
1069 3678 1125 3722 de
1157 3691 1382 3736 corpore,
1425 3679 1493 3723 sic
1530 3692 1617 3724 nos
1659 3679 1714 3723 de
1755 3681 2006 3735 praesente
2045 3690 2248 3734 corpore

158 3746 399 3811 credamus
431 3747 487 3790 de
519 3747 685 3804 capite.
746 3749 817 3792 An
849 3750 1065 3806 negaturi
1112 3752 1297 3796 sumus?
1342 3752 1436 3797 Sed
1481 3765 1658 3811 negare
1704 3765 1791 3796 nos
1827 3751 2030 3795 clamans
2071 3751 2247 3796 veritas

158 3809 262 3876 ipsa
293 3832 386 3863 non
417 3817 551 3864 sinet.
613 3820 834 3865 Videmus
874 3822 993 3866 enim
1035 3823 1282 3871 ecclesiam
1314 3825 1491 3872 Christi
1531 3838 1560 3870 a
1591 3825 1708 3869 solis
1750 3827 1860 3868 ortu
1890 3836 2036 3881 usque
2075 3824 2136 3869 ad
2169 3837 2248 3872 oc·

160 3903 318 3936 casum
348 3892 539 3937 laudare
571 3907 738 3938 nomen
770 3895 992 3953 Domini„
2100 3892 2104 3895 “

281 3964 300 3996 ⁵
328 3965 395 4012 De
427 3966 602 4011 consid.
635 3967 665 4012 l.
696 3968 748 4012 ll.
782 3980 820 4012 c.
854 3969 895 4017 8.
