2626 4432
587 307 638 360 A
677 309 862 374 quibus
902 307 1037 357 haec
1076 304 1179 356 alia
1219 297 1456 354 eiusdem
1481 297 1735 366 Apostoli
1768 294 1786 326 ¹
1825 299 1994 349 verba
2032 298 2239 365 seiungi
2278 314 2384 350 non
2412 297 2509 350 de-

443 407 590 456 bent:
633 399 825 467 „Servi
863 397 1059 449 subditi
1098 400 1267 446 estote
1320 394 1373 444 in
1421 392 1562 444 omni
1601 391 1792 441 timore
1843 389 2094 455 dominiS,
2150 406 2255 443 non
2307 397 2511 444 tantum

441 494 594 548 bonis
634 499 687 542 et
724 490 1001 554 modestiS‚
1042 486 1137 538 sed
1164 487 1322 538 etiam
1364 484 1594 536 discolis,
1673 482 1822 534 Haec
1877 489 1960 534 est
2008 484 2144 535 enim
2202 485 2410 550 gratia,
2465 485 2510 536 si

440 592 662 654 propter
700 583 794 634 Dei
834 580 1209 634 conscientiam
1249 577 1474 628 sustinet
1513 577 1629 642 quis
1667 576 1907 628 tristitias
1934 577 2144 644 patiens
2183 577 2434 646 injuste„

578 718 770 770 Ratum
812 717 973 783 igitur
1010 714 1277 780 fixumque
1316 718 1553 776 maneat,
1589 726 1695 774 non
1732 711 1857 763 ideo
1897 712 2181 764 ecclesiam
2222 712 2508 765 unitatem-

437 830 539 881 que
576 827 846 863 romanam
899 807 1170 860 societatis
1220 806 1476 874 spiritalis
1530 805 1742 856 nomine
1783 803 1999 869 donari,
2056 804 2200 871 quod
2252 820 2391 872 quae
2439 805 2510 858 ad

436 904 815 973 rempublicam
854 905 1099 969 spectant
1136 915 1310 966 neque
1349 904 1500 951 curet
1538 913 1712 964 neque
1751 905 2085 966 promoveat.
2117 893 2139 926 ²

434 1121 601 1175 XVII.
641 1121 906 1174 Romanae
943 1118 1158 1170 unitatis
1187 1113 1395 1168 vincula
1431 1117 1648 1167 eoeterna
1685 1111 1816 1166 solvi
1854 1127 1919 1165 ac
1942 1113 2109 1166 deseri
2140 1115 2273 1166 citra
2298 1115 2510 1167 ruinam
2539 1127 2545 1131 ·

1332 1211 1602 1275 nequeunt.
2466 1209 2473 1223 ³

79 1356 423 1450 Egggrssggiqgf·
581 1349 662 1402 70.
704 1344 1177 1399 Corollarium
1215 1342 1356 1397 VIII.
1433 1343 1587 1408 Quod
1613 1345 1659 1396 si
1693 1345 1907 1397 unitatis
1946 1360 2201 1399 romanae
2225 1352 2331 1398 tam
2371 1345 2507 1399 fides

144 1458 356 1492 subiectio.
438 1458 593 1509 quam
627 1441 823 1493 caritas
863 1445 1021 1506 atque
1060 1437 1349 1491 concordia
1388 1444 1604 1505 oportet
1652 1439 1868 1492 socialis
1907 1440 2005 1505 sit,
2058 1440 2104 1492 si
2141 1441 2358 1509 publica
2396 1440 2512 1494 fac..

437 1535 611 1602 tisque
647 1532 1035 1585 manifestanda
1074 1531 1344 1599 externis;
1382 1537 1614 1599 apparet
1652 1531 1852 1585 frustra
1891 1532 1992 1584 sibi
2030 1533 2098 1585 de
2136 1533 2256 1602 ejus
2295 1534 2513 1587 civitate
2595 1546 2599 1547 ’

438 1629 558 1680 illos
596 1627 847 1694 blandiri,
889 1626 975 1693 qui
1013 1625 1104 1677 vel
1142 1626 1338 1693 spretis
1379 1625 1469 1677 vel
1506 1626 1724 1693 insuper
1767 1626 1963 1678 habitis
2002 1627 2368 1679 communibus
2393 1627 2513 1679 vin-

439 1722 571 1775 culis
610 1721 678 1774 ad
719 1738 866 1773 suam
901 1726 1200 1788 provocant
1236 1720 1290 1770 in
1333 1718 1442 1771 fide
1482 1720 1835 1772 constantiam
1877 1729 1931 1771 et
1968 1719 2022 1771 in
2062 1719 2347 1773 dilectione
2386 1736 2514 1789 per-

438 1815 806 1867 severantiam.
905 1811 996 1865 Ad
1050 1828 1143 1865 eos
1202 1815 1340 1864 enim
1393 1813 1704 1867 auctoribus
1763 1810 2069 1868 Barnaba³
2127 1821 2182 1867 et
2238 1813 2515 1867 Clemente

266 1924 414 1958 lsaias.
438 1909 786 1961 alexandrino
815 1905 836 1936 4
889 1909 1025 1959 haec
1076 1912 1321 1975 spectant
1372 1906 1544 1958 Isaiae
1575 1904 1596 1936 ⁵
1642 1908 1973 1976 prophetae:
2031 1906 2183 1976 „Vae
2236 1908 2373 1975 illis,
2423 1908 2513 1975 qui

437 2003 534 2054 sibi
573 2002 700 2054 solis
738 2001 1069 2068 intelligunt,
1121 2007 1173 2052 et
1214 2000 1356 2069 apud
1409 2018 1469 2053 se
1519 2001 1665 2054 docti
1718 1997 2026 2071 videnturz„
2093 2009 2148 2054 et
2185 2002 2254 2054 ad
2289 2001 2514 2054 eosdem*

131 2101 420 2188 ‘'lezffisszsw-
436 2097 568 2148 haec
608 2110 816 2162 quoque
872 2096 1076 2147 romani
1111 2091 1132 2124 ⁶
1182 2093 1498 2163 ClementiS,
1551 2096 1741 2162 quibus
1784 2095 2170 2148 corinthiacam
2224 2095 2511 2147 scissuram

432 2328 667 2376 fidelitatis
699 2330 938 2389 negandae
969 2330 1149 2376 titulum
1180 2331 1377 2375 subditis
1410 2329 1639 2388 praebere
1679 2333 1772 2373 non
1803 2331 2012 2386 possunt.
2072 2327 2203 2372 Hanc
2240 2339 2358 2372 vero
2397 2340 2508 2385 apo-

431 2402 643 2450 stolicam
675 2402 930 2446 doctrinam
960 2402 1008 2446 in
1039 2416 1233 2447 romana
1256 2403 1433 2447 unitate
1457 2401 1657 2448 fideliter
1675 2407 1999 2448 conservatam
2019 2417 2121 2447 esse
2145 2403 2205 2447 ab
2222 2403 2508 2461 Hieronymo

431 2463 643 2532 superii'is
675 2476 954 2532 accepimus,
1002 2489 1192 2533 eamque
1240 2490 1383 2534 usque
1416 2477 1553 2522 modo
1586 2477 1769 2522 servari
1799 2476 2066 2521 recentiora
2112 2479 2160 2520 et
2189 2474 2510 2521 recentissima

431 2549 693 2606 praesulum
725 2549 1079 2607 nominatimque
1107 2551 1290 2595 romani
1315 2550 1538 2595 antistitis
1572 2550 1841 2607 pastorales
1873 2549 2059 2594 litterae
2090 2552 2334 2594 testantur.

553 2624 566 2651 ¹
597 2622 706 2666 ibid.
737 2636 812 2665 vv.
846 2623 1031 2667 18--19.

553 2695 570 2722 2
602 2695 745 2749 Quum
776 2696 862 2739 hac
902 2696 957 2738 de
996 2710 1047 2740 re
1089 2696 1227 2754 plura
1267 2710 1403 2754 quam
1443 2696 1647 2754 allegari
1686 2699 1857 2754 queant
1896 2695 2074 2753 scripta
2125 2694 2170 2738 in
2210 2694 2360 2738 lucem
2398 2707 2509 2751 pro-

434 2766 625 2821 dierint,
666 2768 930 2824 appellasse
973 2769 1087 2812 satis
1130 2770 1192 2812 sit
1222 2770 1281 2812 ad
1312 2770 1428 2813 duas
1461 2770 1703 2813 orationes
1749 2758 2041 2813 academicas
2073 2780 2265 2824 quarum
2312 2767 2509 2813 alteram

433 2851 505 2882 an.
540 2840 664 2883 1855.
697 2841 926 2884 Monachii
958 2842 1118 2886 habuit
1151 2842 1206 2885 cl.
1244 2842 1318 2885 vir
1348 2843 1399 2886 D.
1433 2842 1698 2900 Ringseiss:
1736 2839 1973 2899 „Pontific
2010 2841 2064 2886 de
2107 2841 2236 2885 civili
2267 2840 2429 2885 societ.
2461 2843 2510 2884 et

433 2912 591 2955 scient.
624 2913 836 2969 merita„:
881 2915 1074 2958 alteram
1108 2928 1179 2957 an.
1216 2915 1341 2959 1862.
1382 2915 1588 2959 eruditus
1621 2915 1695 2959 vir
1725 2915 1800 2959 Fr.
1829 2915 2078 2973 Hettinger
2120 2914 2202 2972 „de
2234 2913 2507 2972 organismo

433 2982 771 3040 disciplinarum
802 2986 848 3028 in
880 2986 1173 3030 scientiarum
1205 2987 1616 3046 universitatibus„
1650 3001 1725 3045 pp.
1757 2990 1811 3030 71
1849 3002 1948 3046 sqq.

551 3056 568 3085 ³
597 3056 740 3113 Epist.
773 3059 801 3100 1.
833 3060 873 3103 [ι.
933 3061 1036 3103 Non
1085 3061 1338 3118 separatim
1385 3060 1566 3105 debetis
1611 3061 1833 3105 seducere
1872 3075 1958 3106 vos
1999 3065 2219 3119 tanquam
2242 3058 2505 3121 justificati,

434 3129 514 3172 sed
546 3130 590 3173 in
622 3144 757 3174 unum
792 3134 1119 3177 convenientes
1150 3133 1390 3191 inquirite,
1439 3134 1563 3191 quod
1603 3135 1906 3179 communiter
1952 3135 2132 3179 dilectis
2178 3134 2428 3179 conveniat
2458 3137 2507 3178 et

436 3202 596 3258 prosit.
657 3204 775 3247 Dicit
807 3205 922 3248 enim
956 3206 1222 3264 Scriptura:
1274 3208 1399 3265 „Vae
1436 3207 1556 3264 illis,
1601 3207 1680 3265 qui
1719 3207 1810 3251 sibi
1856 3207 1972 3252 solis
2004 3207 2273 3264 intelligunt
2304 3210 2352 3251 et
2381 3204 2505 3263 apud

436 3289 484 3318 se
516 3275 642 3319 docti
672 3276 927 3336 videntur.„

550 3349 570 3376 4
603 3347 695 3393 Str.
728 3350 756 3391 l.
791 3349 838 3392 ll.
870 3365 913 3394 n.
947 3353 987 3393 7.
1037 3356 1130 3397 Καὶ
1169 3353 1411 3415 Βαρνάβας
1453 3351 1476 3399 ὁ
1510 3353 1766 3406 ἀπόστολος
1777 3389 1790 3409 ,
1835 3352 1939 3400 οὐαὶ
1977 3356 2021 3399 οἱ
2050 3357 2223 3400 συνετοὶ
2258 3352 2367 3416 παρ’
2398 3354 2501 3399 ἑαυ-

435 3426 527 3470 τοῖς
557 3423 630 3464 καὶ
661 3420 847 3466 ἐνώπιον
879 3421 1022 3469 αὐτῶν
1052 3427 1343 3484 ἐπιστήμονες
1374 3427 1607 3489 προτάξας
1648 3426 1885 3489 ἐπήγαγεν
1926 3431 2216 3486 πνευματικοὶ
2245 3425 2505 3489 γενώμεθα,

435 3491 541 3542 ναὸς
571 3495 734 3544 τέλειος
768 3501 835 3553 τῷ
860 3496 971 3554 θεῷ·
1013 3497 1080 3555 ἐφ’
1120 3497 1227 3543 ὅσον
1261 3500 1380 3544 ἐστὶν
1411 3498 1480 3557 ἐφ’
1515 3500 1649 3560 ἡμῖν,
1689 3503 1939 3559 μελετῶμεν
1970 3489 2045 3547 τὸν
2083 3500 2227 3561 φόβον
2264 3509 2346 3546 τοῦ
2372 3504 2504 3557 θεοῦ,

434 3568 507 3607 καὶ
538 3564 782 3622 φυλάσσειν
815 3566 1145 3628 ἀγωνιζώμεθα
1175 3571 1257 3623 τὰς
1288 3573 1467 3625 ἐντολὰς
1498 3572 1664 3630 αὐτοῦ,
1705 3577 1776 3621 ἵνα
1815 3579 1860 3621 ἐν
1896 3582 1990 3627 νοῖς
2032 3573 2334 3632 δικαιώμασιν
2363 3571 2512 3619 αὐτοῦ

436 3633 777 3697 εὐφρανθῶμεν.
844 3663 846 3665 ’

553 3711 571 3739 ⁵
600 3711 654 3755 Is.
685 3710 736 3757 V.
766 3716 836 3756 21.

553 3783 570 3812 ⁶
600 3784 671 3828 Ad
701 3786 903 3832 Corinth.
937 3802 1006 3845 ep.
1041 3791 1071 3833 I.
1103 3804 1144 3833 n.
1179 3794 1216 3834 1.
1265 3791 1463 3854 Βράδιον
1500 3795 1740 3853 νομίζομεν
1770 3791 2052 3854 ἐπιστροφὴν
2084 3793 2370 3849 πεποιηκέναι
2392 3794 2499 3853 περὶ

436 3856 519 3896 ¹⁶5⁹
549 3855 892 3916 ἐπιζητουμένων
923 3860 1029 3922 παρ’
1062 3861 1167 3920 ὑμῖν
1197 3865 1495 3925 πραγμάτων,
1525 3874 1602 3925 τῆς
1631 3884 1677 3912 τε
1707 3865 1945 3926 ἀλλοτρίας
1975 3868 2050 3910 καὶ
2080 3867 2204 3922 ξένης
2227 3872 2323 3916 τοῖς
2346 3865 2494 3910 ἐκλεκ-

436 3932 528 3976 τοῖς
558 3937 639 3972 τοῦ
667 3932 781 3975 θεοῦ
808 3941 975 3993 μιαροῖς
1006 3939 1079 3979 καὶ
1110 3934 1294 3983 ἀνοσίου
1325 3938 1549 3995 στάσεως,
1581 3938 1633 3998 ἤν
1662 3938 1796 4000 ὀλίγα
1826 3938 2047 4000 πρόςωπα
2078 3946 2283 4001 προπετῆ
2309 3941 2386 3983 καὶ
2417 3936 2500 3983 αὖ-
