2626 4432
995 143 1362 201 „21-

139 311 340 364 diserte
387 309 711 362 adstructam
762 306 1020 371 vidimuS‚
1076 304 1322 371 adeoque
1388 304 1441 355 vi
1496 302 1716 356 canonis
1764 300 2224 371 interpretationis

141 404 486 456 harmonicae
526 402 822 469 colligitur,
878 399 945 450 de
991 399 1109 466 ipsa
1159 398 1464 450 nominatim
1509 413 1731 471 romana
1778 397 1982 449 unitate
2031 394 2226 446 intelli-

141 499 322 566 genda
382 513 502 551 esse
541 496 656 548 sive
710 510 848 562 quae
899 494 989 545 alii
1038 493 1104 545 de
1158 493 1469 545 necessaria
1518 493 1705 546 salutis
1745 492 2007 544 societate
2056 488 2228 558 scrip-

142 595 326 642 serunt
346 571 371 657 ,Δ
408 590 523 641 sive
563 604 700 655 quae
739 585 1045 655 Cyprianus
1077 581 1095 614 1
1133 584 1430 652 generatim
1465 582 1531 635 de
1571 599 1705 635 vera
1745 580 1946 635 Christi
1996 582 2231 636 ecclesia

142 683 504 751 praedicavit:
564 681 744 749 „Illius
785 680 932 732 foetu
977 679 1268 744 nascimur,
1320 678 1462 729 illius
1508 677 1650 730 lacte
1700 678 1984 743 nutrimur,
2037 676 2230 745 spiritu

145 773 264 842 ej-us
303 774 610 825 animamur.
685 769 1002 823 Adulterari
1040 785 1147 822 non
1175 777 1352 838 potest
1391 765 1635 837 sponsa2
1662 768 1878 837 Christi,
1914 771 2232 837 incorrupta

145 853 227 920 est
275 873 328 919 et
376 866 586 934 pudica.
665 864 835 917 Unam
890 864 1101 915 domum
1153 865 1335 928 novit,
1395 863 1548 914 unius
1602 862 1831 916 cubiculi
1890 844 2227 914 sanctitatem

144 966 294 1014 casto
333 959 540 1027 pudore
575 959 823 1012 custodit.
900 958 1050 1010 Haec
1098 972 1197 1008 nos
1246 955 1360 1008 Deo
1411 963 1621 1022 servat,
1675 956 1813 1007 haec
1860 954 2000 1006 filios
2056 970 2231 1022 regno

144 1068 277 1120 quos
316 1054 599 1119 generavit
638 1053 892 1120 assignat.
943 1051 1193 1117 Quisquis
1233 1052 1300 1102 ab
1320 1050 1561 1102 *ecclesia
1589 1055 1914 1116 segregatus
1954 1048 2234 1102 adulterae

136 1146 396 1215 jungitur,
437 1164 469 1198 a
503 1146 784 1215 >promissis
813 1145 1080 1216 ecclesiae
1109 1150 1408 1211 separatur.
1461 1142 1577 1196 Nec
1614 1143 1899 1211 perveniet
1938 1142 2007 1194 ad
2033 1141 2236 1195 Christi

143 1241 409 1310 praemia,
462 1239 551 1307 qui
595 1238 845 1305 relinquit
894 1237 1178 1290 ecclesiam
1231 1235 1446 1288 Christi.
1525 1233 1755 1287 Alienus
1805 1241 1912 1302 est,
1976 1235 2235 1304 profanus

146 1341 257 1402 est,
297 1335 468 1386 hostis
512 1340 609 1386 est.
682 1333 896 1385 Habere
929 1331 1190 1399 jamnon
1230 1337 1410 1398 potest
1442 1330 1607 1382 Deum
1647 1336 1886 1398 patrem,
1928 1330 2017 1396 qui
2056 1329 2236 1382 eccle-

118 1429 276 1481 ·siam
316 1438 423 1481 n‘on
455 1427 622 1479 habet
659 1434 896 1478 matrem.
973 1424 1034 1477 Si
1074 1426 1246 1493 potuit
1295 1424 1533 1494 evadere
1588 1425 1891 1491 quisquam,
1944 1425 2034 1491 qui
2082 1430 2239 1475 extra

147 1538 325 1576 arcam
362 1522 480 1575 Noe
520 1521 643 1589 fuit,
683 1527 736 1573 et
776 1521 862 1588 qui
903 1526 1058 1572 extra
1097 1519 1383 1586 ecclesiam
1418 1520 1554 1572 foris
1593 1519 1754 1571 fuerit
1792 1517 1976 1571 evadit
1990 1517 2053 1587 2„

593 1723 684 1776 Vl.
726 1723 1069 1779 Orientalium
1107 1728 1378 1778 consensio
1418 1729 1466 1778 et
1498 1725 1785 1778 dissidium.

296 1855 379 1909 2¹7.
421 1854 885 1908 Corollarium
920 1852 984 1905 ΙΙ.
1045 1853 1125 1905 De
1164 1855 1268 1907 hac
1303 1855 1491 1908 salutis
1524 1856 1785 1908 societate
1826 1855 2041 1909 disserit
2079 1856 2239 1909 etiam

149 1947 453 2015 MacariuS‚
493 1947 818 2001 vinnicensis
856 1947 1084 2026 Russiae
1123 1949 1438 2019 episcopuS,
1474 1950 1785 2018 theologiae
1826 1950 2061 2019 dogmat.
2100 1958 2135 2004 t.
2176 1951 2239 2004 Π.
2258 1962 2480 1999 Macarius
2515 1963 2608 1999 vin-

150 2044 201 2111 §4
246 2043 364 2098 170·
400 2058 491 2111 PP-
531 2041 632 2095 241
676 2057 753 2108 Sq-
837 2041 993 2095 vers.
1033 2042 1160 2110 gall.
1202 2042 1370 2096 Paris,
1415 2044 1577 2112 1860,
1617 2045 1706 2098 ubi
1743 2047 1975 2114 probata
2009 2063 2078 2098 ex
2114 2043 2240 2100 Act.
2333 2014 2539 2051 nicensis.

152 2138 244 2192 IV.
287 2137 369 2191 12.
408 2136 532 2189 Joh.
559 2135 649 2188 111.
689 2135 774 2189 36.
812 2137 1138 2188 necessitate
1174 2136 1320 2204 fidei,
1360 2145 1418 2190 ut
1457 2140 1575 2206 quis
1614 2146 1976 2208 consequatur
2001 2141 2243 2208 salutem,

153 2230 448 2298 concludit,
501 2245 718 2297 „veram
752 2227 954 2281 Christi
994 2229 1168 2297 deque
1209 2229 1425 2284 Christo
1466 2232 1765 2286 doctrinam
1803 2235 2013 2286 nonnisi
2059 2235 2115 2286 in
2153 2250 2245 2287 ec-

154 2325 321 2380 clesia
362 2331 416 2377 et
452 2341 550 2392 per
591 2322 874 2376 ecclesiam
907 2326 1223 2377 conservari
1245 2333 1298 2378 et
1323 2327 1648 2395 praedicari,
1691 2329 1808 2380 sine
1835 2344 1941 2397 qua
1967 2345 2030 2381 re
2059 2345 2248 2382 veram

155 2418 317 2471 fidem
370 2436 438 2471 ne
505 2419 767 2470 exsistere
826 2419 1037 2486 quidem
1099 2403 1264 2489 posse
1316 2422 1541 2475 doctore
1591 2423 1761 2475 Paulo
1814 2423 1964 2476 Rom.
2016 2422 2083 2477 X.
2129 2424 2244 2493 17.„

154 2511 423 2580 Egregie:
474 2511 572 2564 sed
612 2529 769 2580 quum
821 2513 1007 2581 plures
1046 2516 1338 2584 religiosae
1379 2517 1670 2570 societates
1723 2517 1931 2570 titulum
1981 2517 2250 2571 ecclesiae

62 2643 71 2651 ι
157 2608 259 2661 sibi
296 2606 597 2673 vindicent,
636 2612 690 2674 et
729 2607 869 2659 inter
908 2624 1001 2661 eas
1043 2610 1149 2662 alia
1190 2611 1399 2676 dicatur
1435 2626 1659 2664 romana
1706 2616 1761 2664 et
1804 2612 1911 2664 alia
1950 2618 2122 2665 semet
2160 2627 2250 2665 or-

157 2700 451 2754 thodoxam
491 2701 753 2770 appellet:
794 2718 1057 2769 quaenam
1097 2720 1162 2756 ea
1201 2710 1284 2756 est
1322 2704 1579 2772 ecclesia,
1619 2705 1674 2757 in
1711 2721 1818 2773 qua
1857 2711 1912 2758 et
1949 2721 2052 2774 per
2092 2722 2251 2774 quam

158 2812 291 2847 vera
330 2795 574 2848 doctrina
615 2792 813 2848 Christi
852 2795 1026 2864 deque
1053 2795 1280 2860 Christo
1308 2805 1630 2852 conservata
1667 2800 1866 2868 iugiter
1904 2800 2251 2870 praedicata-

161 2905 264 2957 que
315 2890 529 2956 integra
577 2888 726 2940 fuit?
793 2887 853 2940 Si
905 2890 1329 2944 orthodoxorum
1382 2892 1601 2946 Patrum
1645 2895 1952 2948 auctoritati
2003 2895 2251 2949 standum

161 2981 255 3046 sit,
292 2996 398 3033 non
433 2982 588 3034 aliam
628 2982 775 3034 illam
815 2998 936 3034 esse
975 2983 1352 3053 iudicabimuS,
1390 3003 1547 3055 quam
1587 3005 1726 3056 quae
1765 3004 2022 3042 romanae
2060 2990 2252 3059 appel-

160 3075 361 3128 latione
388 3092 600 3145 semper
628 3077 882 3130 excelluit
908 3077 1420 3147 romanaque‘quam
1452 3080 1679 3136 diximus
1706 3084 1909 3136 unitate
1936 3083 2251 3155 absolvitur.

502 3265 621 3319 VII.
661 3268 897 3322 Romana
934 3262 1110 3323 unitas
1142 3277 1216 3325 est
1253 3274 1478 3326 societas
1515 3275 1648 3326 iuris
1684 3276 1905 3340 positivi.

310 3395 393 3451 28.
433 3397 893 3454 Corollarium
933 3397 1022 3455 ΙΙΙ.
1071 3401 1156 3455 Ex
1196 3417 1301 3470 quo
1340 3418 1562 3456 romana
1601 3406 1776 3458 unitas
1814 3406 2008 3475 legalis
2047 3411 2131 3458 est
2167 3406 2249 3458 in-
2265 3417 2476 3481 Societas·
2502 3420 2615 3481 {uris

166 3488 359 3555 fertur,
409 3506 516 3542 non
567 3506 688 3543 esse
730 3493 822 3560 jus
860 3500 1086 3546 naturae
1142 3495 1614 3563 perscrutandum,
1670 3498 1770 3550 sed
1818 3497 2250 3578 investigandam
2343 3471 2532 3515 posnam.

288 3735 303 3763 ¹
334 3735 401 3777 De
432 3733 543 3778 unit.
577 3734 743 3778 eccles.

288 3807 305 3835 ²
336 3807 404 3851 Ita
436 3820 464 3849 a
496 3821 532 3850 s.
564 3808 805 3852 Bernardo
840 3822 913 3865 ep.
945 3811 1043 3853 191.
1084 3810 1142 3854 ad
1173 3812 1406 3857 Innocent.
1450 3813 1617 3871 pontif.
1651 3829 1844 3862 romana
1886 3818 2041 3863 unitas
2082 3833 2254 3866 nuncu-

168 3882 331 3936 patur:
367 3880 516 3938 „Tibi‚
549 3881 716 3938 inquit,
750 3883 996 3926 commissa
1027 3888 1098 3927 est
1129 3899 1304 3942 sponsa
1338 3887 1533 3944 Christi,
1578 3890 1724 3934 amice
1757 3891 1930 3948 sponsi.
1993 3893 2137 3938 Tuum
2167 3898 2254 3951 est,

169 3951 369 3996 eamdem
403 3954 478 3996 uni
510 3954 612 3998 viro
645 3955 872 4013 virginem
908 3962 1082 4002 castam
1117 3959 1335 4004 exhibere
1360 3958 1598 4020 Christe„
