2716 4446
992 157 1356 215 „91—

135 324 204 377 sit
242 320 639 376 conveniread
671 320 801 387 hoc,
841 324 899 372 ut
935 317 1175 370 formalis
1217 317 1355 369 ratio
1381 316 1646 369 ecclesiae
1670 315 2000 384 apostolicae
2037 320 2217 368 custo-

140 418 343 484 diatur,
398 415 466 468 ad
505 430 660 482 quam
699 429 856 465 unam
894 418 1189 480 propterea
1255 410 1319 477 3)
1359 411 1568 478 quoties
1625 409 1721 462 fiat
1770 409 1838 468 ad
1887 409 2217 478 apostolicas

139 513 465 582 appellatio,
498 510 624 562 licet
662 506 802 559 aliae
840 506 1118 557 varientur
1158 510 1467 557 constanter
1507 509 1862 572 provocetur:
1901 510 1956 556 et
1992 504 2068 555 ita
2100 502 2217 570 qui-

138 605 258 658 dem
296 602 364 673 4)
403 610 460 656 ut
499 602 620 655 dum
659 599 726 652 ad
767 598 1096 668 apostolicas
1138 597 1466 666 appelletur,
1513 597 1604 649 illa
1643 597 1732 648 vel
1772 613 1876 649 una
1914 596 2219 649 nominetur

137 698 226 749 vel
265 696 382 748 sola
414 692 434 726 1
472 692 811 759 intelligatur.
888 689 1000 743 Sed
1050 691 1134 742 his
1183 690 1398 743 tandem
1461 687 1525 757 5)
1567 690 1825 743 rationem
1875 705 2088 758 quoque
2128 705 2218 741 as-

137 791 436 858 sequimur,
480 803 584 855 qua
620 783 868 852 exposita
918 783 1242 851 laudataque
1293 784 1540 852 superius
1589 783 2074 851 antiquissimorum
2111 782 2218 835 Pa-

136 890 274 938 trum
312 878 615 946 methoduS,
654 876 898 929 veritatis
938 876 1296 943 falsitatisque
1323 884 1585 929 tesseram
1614 878 1666 928 in
1695 877 1916 944 negotio
1955 877 2216 944 religioso

138 994 207 1031 ex
244 993 348 1030 una
386 988 606 1027 romana
644 969 877 1024 ecclesia
912 968 1157 1038 petendi,
1191 984 1298 1022 non
1334 970 1621 1022 arbitraria
1645 975 1729 1022 est
1759 986 1935 1036 neque
1962 969 2217 1023 historica

137 1075 337 1123 tantum
373 1073 428 1120 et
460 1065 614 1131 facti,
656 1063 752 1116 sed
791 1058 1045 1131 estjuris
1085 1068 1245 1130 atque
1287 1063 1639 1115 necessitatis.

879 1276 921 1318 3.
952 1271 1197 1322 Methodus
1228 1271 1462 1330 Cypriani.

279 1398 398 1451 123.
437 1396 727 1464 Enimvero
766 1403 882 1451 erat
918 1397 1012 1449 illa
1048 1396 1100 1448 in
1143 1394 1378 1448 ecclesia
1406 1393 1502 1446 Dei
1542 1394 1866 1462 pervulgata
1905 1410 2120 1464 semper
2155 1412 2220 1448 ac

56 1501 58 1505 ’
131 1497 410 1558 constans,
449 1507 551 1545 nec
601 1506 708 1545 non
747 1491 970 1559 insignis
1020 1490 1405 1543 aestimabatur
1454 1490 1523 1541 ob
1566 1489 1882 1541 brevitatem
1915 1505 2105 1556 'aeque
2156 1505 2222 1541 ac

123 1582 494 1658 securitatem.
585 1583 731 1637 Sane
789 1590 917 1653 post
969 1583 1248 1636 Irenaeum
1305 1589 1359 1635 et
1409 1582 1792 1636 Tertullianum
1847 1582 2155 1652 Cyprianus
2183 1578 2221 1650 ²,

131 1679 223 1732 ubi
275 1678 344 1731 de
397 1680 630 1733 ecclesia
682 1678 883 1731 Christi
939 1679 1310 1746 dignoscenda
1359 1679 1639 1745 disseruit,
1703 1680 1860 1732 aliam
1915 1679 2221 1732 breviorem

131 1773 566 1840 securioremque
605 1789 712 1826 non
753 1774 985 1827 habebat
1011 1789 1165 1840 quam
1206 1780 1552 1842 proponeret.
1609 1772 1740 1825 Eius
1767 1774 2057 1842 disputatio
2086 1774 2223 1826 haec

133 1873 229 1939 est.
305 1865 557 1934 Explicat
594 1864 632 1917 Ι.
673 1871 818 1918 artes
859 1866 1059 1933 antiqui
1097 1867 1392 1934 serpentiS,
1449 1866 1538 1933 qui
1585 1864 1809 1933 „videns
1865 1865 2010 1918 idola
2062 1847 2219 1917 dere·
2238 1882 2405 1919 Diaboli
2438 1879 2562 1925 frau-

130 1962 258 2013 licta
296 1966 351 2012 et
387 1976 488 2027 per
526 1959 737 2012 nimium
771 1959 1100 2012 credentium
1141 1960 1398 2028 populum
1438 1958 1598 2011 sedes
1637 1974 1763 2011 suas
1803 1975 1868 2012 ac
1894 1959 2094 2027 templa
2124 1959 2220 2011 de·
2350 1935 2436 1970 ἀρε·

131 2060 304 2118 serta,
359 2051 706 2119 excogitavit.
728 2065 922 2103 novam
961 2050 1204 2104 fraudem
1254 2057 1313 2104 ut
1359 2053 1455 2104 sub
1505 2053 1625 2120 ipso
1668 2051 1945 2105 christiani
1995 2052 2221 2105 nominis

131 2145 285 2199 titulo
323 2144 538 2197 falleret
575 2144 846 2196 incautos:
886 2142 1142 2195 haereses
1180 2143 1385 2195 invenit
1424 2158 1488 2196 ac
1515 2143 1831 2211 schismata,
1873 2145 2064 2212 quibus
2094 2147 2222 2198 sub-

131 2245 372 2292 verteret
411 2237 601 2304 fidem,
651 2237 932 2288 veritatem
985 2244 1382 2306 corrumperet,
1424 2222 1696 2292 scinderet
1744 2240 2029 2292 unitatem:
2087 2255 2221 2307 quos

133 2331 374 2384 detinere
413 2344 519 2382 non
557 2334 738 2397 potest
775 2329 828 2379 in
867 2329 989 2381 viae
1026 2331 1229 2382 veteris
1270 2331 1557 2397 caecitate,
1606 2332 1993 2386 circumscribit
2031 2339 2086 2385 et
2127 2333 2222 2385 de-

134 2424 424 2494 cipit-novi
464 2423 668 2475 itineris
708 2437 920 2475 errore:
961 2423 1104 2491 rapit
1142 2423 1210 2475 de
1250 2423 1371 2493 ipsa
1409 2423 1640 2477 ecclesia
1677 2425 1944 2493 homineS,
2004 2433 2059 2479 et
2098 2426 2220 2480 dum

134 2519 236 2572 sibi
274 2517 740 2587 appropinquasse
773 2515 888 2585 jam
920 2516 1103 2569 lumini
1155 2523 1315 2585 atque
1355 2518 1596 2571 evasisse
1634 2520 1837 2572 saeculi
1885 2526 2099 2573 noctem
2140 2521 2219 2572 vi-

137 2612 358 2677 deatur,
409 2610 543 2663 alias
581 2610 946 2667 nescientibus
984 2613 1237 2667 tenebras
1269 2627 1454 2665 rursus
1492 2612 1747 2680 infundit,
1795 2619 1854 2665 ut
1897 2629 2014 2666 cum
2053 2631 2220 2666 evan-

135 2705 280 2773 gelio
320 2702 522 2757 Christi
560 2710 770 2758 etcum
809 2705 1193 2758 observatione
1230 2705 1352 2775 ejus
1403 2712 1459 2759 et
1502 2706 1628 2774 lege
1680 2722 1788 2760 non
1835 2712 2041 2760 stantes
2077 2708 2220 2761 chri-

135 2798 340 2852 stianos
384 2813 444 2851 se
494 2805 719 2864 vocent,
779 2804 832 2851 et
891 2799 1226 2852 ambulantes
1277 2800 1332 2852 in
1379 2802 1616 2854 tenebris
1672 2801 1876 2856 habere
1930 2819 1991 2855 se
2043 2803 2219 2855 lumen

137 2893 464 2960 existiment,
518 2892 826 2946 blandiente
873 2892 1191 2946 adversario
1252 2900 1412 2961 atque
1473 2895 1720 2963 fallente,
1785 2897 1874 2963 qui
1927 2897 2219 2950 secundum

136 2983 392 3054 Apostoli
418 3001 606 3038 vocem
627 2984 649 3018 3
687 2984 1038 3053 transfigurat
1075 3002 1133 3039 se
1174 2987 1322 3054 velut
1348 2989 1598 3056 angelum
1632 2989 1782 3057 luciS,
1822 2995 1877 3042 et
1909 2991 2178 3043 ministros
2199 2989 2221 3020 4

138 3095 264 3133 suos
303 3082 563 3134 subornat
617 3078 766 3132 velut
802 3080 1071 3133 ministros
1101 3080 1345 3149 justitiae
1385 3089 1692 3136 asserentes
1731 3090 1940 3137 noctem
1978 3101 2079 3154 pro
2119 3085 2220 3151 die,

137 3174 405 3226 interitum
456 3188 556 3241 pro
595 3172 788 3239 salute,
835 3172 1263 3241 desperationem
1324 3178 1421 3229 sub
1475 3178 1695 3230 obtentu
1751 3179 1890 3245 spei,
1939 3178 2219 3247 perfidiam

139 3268 238 3319 sub
287 3266 575 3334 praetextu
621 3265 776 3333 fidei,
824 3267 1189 3320 antichristum
1239 3271 1339 3323 sub
1389 3271 1655 3323 vocabulo
1705 3269 1931 3338 Christi,
1982 3279 2040 3324 ut
2097 3271 2219 3324 dum

123 3344 447 3410 ‘verisimilia
483 3360 832 3427 mentiuntur,
888 3361 1172 3415 veritatem
1211 3363 1503 3416 subtilitate
1553 3363 1891 3418 frustrentur.
1967 3364 2221 3419 Declarat

263 3599 279 3627 ¹
310 3598 376 3642 Ex
423 3611 512 3654 quo
552 3600 709 3654 patet,
755 3611 916 3642 eorum
957 3612 1074 3656 quae
1126 3600 1183 3645 de
1230 3603 1598 3658 apostolicarum
1639 3604 1943 3648 ecclesiarum
1983 3605 2220 3662 praesidio

143 3672 355 3728 superius
386 3671 609 3727 diximus,
642 3667 971 3726 sufficientem,
1020 3686 1281 3729 supremam
1311 3675 1584 3732 plenamque
1626 3675 1855 3722 rationem
1895 3692 1950 3721 ex
1982 3678 2220 3735 praesenti

141 3744 368 3789 ecclesiae
399 3756 619 3789 romanae
649 3741 886 3800 praesidio
911 3743 1008 3800 peti
1029 3749 1275 3801 oportere.

261 3817 279 3846 ²
308 3817 375 3861 De
405 3816 514 3860 unit.
546 3815 708 3860 eccles.

262 3889 280 3918 ³
309 3890 360 3932 ΙΙ,
393 3889 500 3935 Cor.
533 3889 609 3932 Xl.

260 3963 278 3991 4
312 3961 495 4007 Utinam
528 3964 642 4006 haec
675 3961 834 4005 eadem
867 3962 1041 4006 nostris
1073 3977 1164 4007 non
1197 3966 1467 4011 deberemus
1500 3980 1727 4024 usurpare
1761 3968 1996 4013 sensibus!
