2716 4446
0 1271 11 1288 *Α
0 1177 20 1257 ῡέιῇ·
0 1108 21 1165 5³¹0
0 875 23 1087 (Ἥτπῇνῆ-ᾙτ
0 817 22 859 11¹¹
3 734 7 736 ⁴

1022 147 1370 207 ...95-

154 294 452 370 proprius¹)
494 293 577 360 sit,
618 291 964 363 adsumptum
1000 292 1167 346 fuisse
1190 291 1236 363 2)
1276 311 1309 345 a
1335 289 1532 362 quibus
1558 310 1779 346 romano
1808 292 2035 363 epicopo
2057 291 2141 346 vis
2169 309 2234 344 ac

153 408 350 445 nomen
375 386 568 458 capitis
596 385 861 439 ecclesiae
889 385 1217 440 universalis
1242 392 1531 457 propterea
1559 385 1860 439 detrahitur
1884 385 1929 459 ³)
1969 386 2231 457 apprime,

155 482 300 556 quod
337 480 439 535 soli
466 476 684 532 Christo
725 479 919 549 capitis
957 479 1094 532 ratio
1136 479 1442 534 conveniat.
1481 478 1652 550 Atqui
1679 480 1847 550 priori
1873 479 1967 533 illa
1993 479 2232 552 appella-

153 578 297 632 tione
317 574 600 646 repudiata
618 573 828 626 romani
848 572 1132 643 pontifices
1160 573 1263 626 hoc
1284 572 1514 626 alterum
1534 592 1733 627 nomen
1753 574 2095 629 vindicantes
2115 576 2233 629 iure

153 669 429 742 gerebant,
489 668 581 721 uia
605 667 685 720 rei
713 665 1050 736 significatae
1076 668 1361 720 veritatem
1389 669 1662 738 exprimit,
1692 686 1798 739 qua
1826 687 2081 722 romanus
2102 687 2234 740 pon-

151 762 289 818 tifex
328 779 580 832 suprema
615 767 883 832 potestate
923 760 1223 832 episcopali
1273 780 1381 815 non
1418 762 1803 832 particularem
1841 769 2050 816 tantum
2088 762 2233 816 dioe-

153 857 319 911 cesim
357 855 449 910 vel
484 855 852 926 provinciam,
895 853 1006 930 sed*
1031 853 1321 907 ecclesiam
1358 855 1724 908 universalem
1765 856 2050 924 gubernat.

325 950 410 1003 91.
455 948 800 1020 Quapropter
837 950 895 1001 in
934 947 1353 1001 chalcedonensi
1376 948 1603 1002 concilio
1629 949 1762 1002 haec
1797 956 1879 1001 est
1906 948 2231 1019 subscriptio

154 1062 291 1116 quae
329 1045 503 1115 primo
542 1043 768 1114 legitur:
812 1042 1208 1113 „Paschasinus
1249 1043 1537 1113 episcopus
1581 1042 1958 1114 Lilybetanae,
1998 1042 2233 1096 vicarius
2266 1059 2390 1092 concil.
2420 1058 2573 1091 chalced.

152 1137 498 1192 beatissimae
537 1144 699 1209 atque
739 1135 1069 1208 apostolicae
1108 1135 1437 1190 universalis
1460 1136 1506 1208 ⁴¹)
1560 1135 1826 1189 ecclesiae
1865 1155 2042 1207 papae
2082 1134 2233 1189 urbis

149 1232 354 1286 Romae
391 1231 608 1301 LeoniS,
650 1238 867 1285 sanctae
908 1230 1114 1303 synodo
1152 1230 1490 1302 praesidens,
1516 1231 1576 1284 in
1602 1230 1860 1284 Dioscori
1886 1230 2235 1284 damnatione

154 1345 427 1380 consensu
482 1325 808 1380 universalis
866 1324 1084 1379 concilii
1143 1324 1496 1396 subscripsi„
1576 1323 1688 1378 Ubi
1743 1342 1853 1378 non
1911 1325 2071 1378 aliter
2109 1342 2235 1377 con-

155 1421 343 1476 cilium
379 1421 578 1476 dicitur
613 1419 925 1475 universale
964 1438 1028 1474 ac
1065 1419 1395 1475 universalis
1419 1418 1465 1492 5)
1519 1419 1719 1474 dicitur
1758 1419 2021 1487 ecclesia,
2081 1419 2235 1472 cuius

323 1613 356 1669 ¹)
386 1615 469 1656 Est
498 1613 614 1655 enim
646 1611 846 1653 Christus
876 1610 1136 1652 immortalis
1168 1615 1212 1653 et
1241 1610 1475 1652 invisibilis
1495 1611 1531 1654 Ι.
1550 1610 1643 1652 Pet.
1665 1610 1724 1651 Π.
1745 1608 1820 1654 25.
1844 1610 1989 1654 Hebr.
2012 1608 2137 1652 XIII.
2161 1606 2234 1654 17.

147 1689 265 1731 solus
310 1688 539 1743 episcopus
585 1688 829 1727 animarum
868 1688 1130 1737 nostrarum,
1175 1684 1222 1725 id
1267 1687 1333 1725 est
1378 1684 1585 1736 omnium,
1638 1683 1838 1737 adeoque
1886 1682 2005 1724 solus
2045 1681 2139 1735 ipse
2173 1685 2240 1722 est

147 1763 378 1818 episcopus
408 1759 684 1802 universalis.
719 1758 846 1810 Quod
876 1758 1035 1798 iterum
1067 1757 1306 1812 Gregorius
1351 1757 1380 1800 1.
1429 1770 1467 1800 c.
1499 1770 1542 1811 p.
1590 1754 1689 1798 773.
1738 1754 1892 1799 c—D.
1940 1768 2010 1808 ep.
2054 1752 2127 1798 43.
2174 1753 2230 1794 ad

146 1835 305 1889 Eulog.
337 1837 382 1875 et
410 1832 620 1877 Anastas.
653 1832 874 1887 significat
904 1832 1124 1874 scribens:
1159 1831 1372 1884 „Vestrae
1402 1834 1550 1872 autem
1580 1829 1845 1872 beatitudini
1891 1828 2057 1869 indicet
2100 1827 2238 1867 omni·
2307 1840 2447 1883 Greqor.
2463 1841 2512 1874 M.

146 1910 301 1962 potens
331 1906 469 1958 Deus,
503 1918 634 1959 quam
666 1905 792 1958 gravi
822 1903 1184 1946 considerationis
1214 1903 1344 1945 huius
1376 1897 1543 1958 gemitu
1574 1906 1796 1956 torqueor,
1830 1901 1948 1955 quod
1978 1900 2053 1941 ille
2101 1911 2238 1953 quon·

150 1979 250 2020 dam
279 1977 387 2019 mihi
414 1976 771 2029 modestissimus,
803 1976 877 2017 ille
909 1976 1111 2018 omnibus
1143 1975 1344 2029 dilectus,
1377 1975 1451 2016 ille
1482 1974 1558 2029 qui
1589 1976 1634 2015 in
1681 1974 1984 2027 eleemosynis,
2032 1973 2238 2014 orationi-

147 2053 230 2095 bus
278 2055 411 2106 atque
461 2051 635 2092 ieiuniis
685 2050 918 2091 videbatur
966 2053 1219 2104 occupatus,
1271 2062 1326 2090 ex
1372 2061 1424 2090 eo
1464 2049 1511 2089 in
1552 2060 1637 2102 quo
1669 2047 1850 2088 sedebat
1881 2047 2041 2097 cinere,
2085 2058 2140 2086 ex
2186 2059 2240 2087 ea

147 2137 277 2179 quam
327 2123 611 2178 praedicabat
658 2122 918 2174 humilitate,
969 2122 1222 2163 iactantiam
1273 2121 1481 2175 sumpsit:
1540 2121 1602 2161 ita
1641 2123 1691 2161 ut
1729 2120 1936 2160 universa
1977 2118 2060 2160 sibi
2099 2122 2239 2160 tentet

146 2195 410 2248 adscribere,
441 2198 485 2236 et
515 2195 660 2236 omnia
692 2207 804 2248 quae
835 2194 918 2235 soli
947 2195 1023 2235 uni
1055 2194 1189 2248 capiti
1220 2194 1471 2246 cohaerent,
1501 2193 1709 2234 videlicet
1743 2191 1931 2243 Christo,
1973 2205 2052 2246 per
2083 2191 2235 2233 elatio-

150 2282 252 2311 nem
281 2268 517 2323 pompatici
547 2268 759 2309 sermonis
791 2267 986 2308 eiusdem
1018 2266 1182 2308 Christi
1213 2267 1297 2308 sibi
1327 2266 1510 2308 suadeat
1548 2266 1751 2307 membra
1793 2265 2071 2319 subiugare.„
2124 2263 2235 2309 0011.

149 2340 280 2395 Greg.
311 2339 369 2381 ad
397 2338 582 2382 Mauric.
613 2337 799 2393 August.
833 2352 930 2393 epp.
963 2339 994 2382 1.
1026 2338 1124 2382 VII.
1155 2337 1308 2379 indict.
1342 2336 1411 2381 15.
1445 2352 1512 2392 ep.
1546 2336 1614 2382 13.

325 2410 358 2465 2)
389 2411 443 2452 In
472 2412 569 2466 ipsa
598 2411 872 2465 professione
903 2410 1020 2463 fidei,
1053 2424 1184 2465 quam
1216 2411 1524 2465 metropolitae
1568 2411 1614 2451 in
1644 2423 1725 2451 sua
1756 2409 2037 2451 ordinatione
2068 2411 2238 2452 emitte-

150 2484 272 2537 bant,
303 2482 624 2538 pollicebantur
668 2482 964 2524 obedientiam
1008 2480 1072 2537 τῷ
1105 2477 1344 2537 ἁγιωτάτῳ
1391 2481 1468 2522 καὶ
1516 2479 1808 2537 οἰκουμενικῷ
1849 2480 2151 2539 πατριάρχῃε
2181 2484 2238 2529 cf.

149 2555 334 2599 Habert.
365 2554 445 2601 lib.
475 2553 669 2609 pontific.
700 2568 743 2609 p.
773 2551 875 2599 496.

323 2625 358 2682 ⁸)
391 2626 572 2670 Scilicet
602 2631 681 2680 „ut
711 2640 776 2679 ea,
807 2628 949 2682 inquit
977 2627 1148 2669 Habert
1178 2628 1254 2671 lib.
1286 2627 1530 2682 pontifical.
1563 2628 1720 2672 eccles.
1751 2641 1895 2683 graec.
1942 2627 1999 2670 ad
2049 2628 2236 2683 profesS.
2351 2637 2493 2669 Habert.

149 2700 224 2746 fid.
256 2700 474 2745 observat.
506 2699 584 2743 IV.
617 2714 660 2754 p.
688 2698 789 2743 505.
821 2713 933 2754 quae
964 2701 1079 2741 iusto
1110 2701 1286 2742 nomine
1318 2700 1403 2741 sibi
1433 2700 1581 2742 debita
1612 2704 1714 2742 sunt
1744 2701 1958 2742 modestia
1977 2701 2237 2755 plerumque

149 2773 316 2829 respuit
343 2777 388 2815 et
415 2776 667 2815 aversatur:
698 2773 764 2814 ita
793 2786 905 2826 quae
936 2773 1020 2814 sibi
1050 2777 1152 2814 sunt
1181 2773 1377 2815 indebita
1406 2774 1686 2828 prosequitur
1716 2777 1760 2815 et
1788 2775 1903 2828 rapit
1933 2774 2156 2826 ambitio.„

326 2844 359 2900 ⁴)
389 2845 544 2899 Neque
575 2845 706 2886 etiam
736 2845 830 2899 ipse
860 2845 952 2886 Leo
983 2845 1039 2886 ad
1069 2845 1279 2888 Marcian.
1299 2845 1486 2900 August.
1519 2858 1587 2899 ep.
1620 2843 1689 2888 64.
1721 2845 1896 2886 titulum
1926 2845 2010 2886 sibi
2033 2847 2234 2898 „univer-
2275 2847 2469 2898 Dpscrimen
2491 2847 2582 2878 inter

150 2918 279 2971 salis„
313 2917 565 2971 sumpsisse,
597 2916 674 2958 sed
707 2917 933 2970 scripsisse
964 2917 1148 2971 legitur:
1184 2918 1304 2970 „Leo
1352 2918 1582 2972 episcopus
1628 2930 1834 2959 romanae
1881 2921 1924 2959 et
1969 2918 2232 2959 universalis
2248 2892 2601 2973 ἕῖζυεζὲῗξέἒῇἶῖιῖξ

153 2989 364 3031 ecclesiae
409 2989 634 3030 Marciano
664 2989 907 3042 Augusto.,‚
961 2989 1074 3031 Vide
1103 2989 1276 3031 Habert
1306 2989 1337 3034 1.
1371 3003 1409 3033 ο.
1443 2989 1530 3031 Sed
1562 2990 1668 3044 quid
1699 2991 1814 3031 inter
1843 2994 2078 3044 utrumque
2109 2990 2232 3041 illud,
2266 2978 2584 3053 gfggcssssgssrgffffig

150 3062 354 3103 nimirum
384 3062 499 3103 inter
529 3063 783 3116 episcopum
813 3063 1108 3104 universalem
1139 3063 1364 3115 ecclesiae,
1398 3067 1440 3104 et
1471 3063 1723 3117 episcopum
1742 3063 1953 3104 ecclesiae
1973 3063 2233 3104 universalis

151 3134 336 3185 intersit,
380 3134 616 3175 obscurum
660 3147 748 3174 non
790 3139 870 3177 est.
916 3136 1071 3189 Neque
1117 3136 1352 3177 obscurum
1384 3140 1463 3188 est,
1494 3139 1777 3190 praepostere
1807 3149 1835 3176 a
1866 3135 2116 3177 Turrettino
2146 3135 2231 3181 loc.
2322 3142 2507 3175 Tuwectin.

153 3205 317 3247 XVIII.
351 3219 393 3258 q.
426 3202 496 3248 17.
529 3207 566 3257 ἓ.
597 3204 668 3250 23.
702 3207 909 3248 affirmari
940 3209 1216 3260 „testimonia
1236 3208 1431 3260 Patrum,
1455 3209 1613 3262 quibus
1636 3207 1855 3248 interdum
1879 3211 2039 3249 vocant
2055 3207 2235 3249 Petrum

158 3280 289 3331 caput
320 3281 364 3317 et
391 3277 631 3331 principem
653 3278 975 3332 Apostolorum,
1007 3293 1096 3320 non
1125 3281 1315 3334 intelligi
1346 3281 1522 3322 ratione
1555 3280 1824 3321 oecumenici
1853 3279 2132 3333 pontificatus
2163 3280 2234 3321 vel

155 3350 451 3402 monarchiae,
476 3350 554 3391 sed
583 3352 751 3392 ratione
781 3353 993 3406 primatus
1025 3353 1188 3394 ordinis
1220 3356 1264 3393 et
1299 3352 1540 3407 dignitatis,
1573 3354 1664 3394 sive
1695 3355 1872 3407 propter
1912 3339 2034 3392 dotes
2077 3353 2237 3405 quibus

155 3435 260 3476 prae
291 3422 446 3463 ceteris
477 3422 706 3474 eminebat,
741 3436 826 3476 quo
858 3437 990 3464 sensu
1009 3423 1067 3467 Π.
1090 3422 1188 3467 Cor.
1211 3424 1287 3464 XI.
1320 3423 1556 3478 Apostolus
1587 3427 1718 3465 vocat
1749 3423 1961 3477 quosdam
1991 3419 2101 3466 τούς
2120 3418 2235 3480 ὑπὲρ

155 3490 256 3533 λίαν
289 3488 580 3535 ἀποστόλους
609 3497 654 3534 et
683 3494 790 3534 alibi
821 3493 916 3537 Gal.
947 3495 1004 3537 ΙΙ.
1038 3491 1269 3546 στύλους.»
1314 3495 1372 3535 At
1418 3508 1503 3548 quo
1545 3508 1678 3536 sensu
1722 3495 1879 3536 Petrus
1924 3496 1970 3535 in
2002 3495 2237 3549 Scripturis

155 3566 358 3619 princeps
388 3565 641 3619 perhibetur
662 3568 704 3605 et
727 3570 858 3619 caput
886 3567 1148 3608 universalis
1177 3567 1406 3619 ecclesiae,
1431 3567 1543 3607 libro
1567 3567 1780 3620 superiori
1810 3567 2119 3623 patefecimus3
2152 3581 2239 3621 qua

154 3649 258 3678 vero
288 3641 503 3691 potestate
535 3650 810 3692 successores
840 3638 958 3680 illius
980 3640 1143 3693 pariter
1165 3640 1210 3680 in
1233 3640 1481 3680 universam
1504 3640 1735 3680 ecclesiam
1757 3640 1962 3693 polleant,
1987 3653 2099 3693 quae
2120 3653 2238 3681 nunc

159 3713 431 3764 exponuntur
459 3709 632 3750 abunde
676 3709 974 3750 demonstrant
1005 3723 1206 3763 quaeque
1237 3711 1444 3764 leguntur
1472 3711 1543 3751 Pii
1562 3711 1640 3754 Vt.
1673 3724 1847 3765 respon.
1879 3711 1910 3755 1.
1944 3725 1980 3752 c.
2014 3726 2051 3752 c.
2082 3713 2207 3756 V111.

333 3779 366 3835 ⁵)
396 3782 458 3823 Ut
485 3781 695 3823 invidiam
729 3795 783 3823 ex
812 3781 986 3822 invecta
1027 3795 1106 3835 per
1151 3782 1369 3823 Joannem
1415 3786 1703 3836 cognomento
1742 3783 1992 3836 νηστευτοῦ
2033 3783 2236 3838 adsump-

157 3854 288 3907 taque
316 3866 445 3908 porro
476 3854 789 3914 „universaliS„
823 3854 1116 3908 appellatione
1147 3855 1608 3909 constantinopolitani
1638 3855 1920 3907 declinarent,
1951 3856 2035 3897 hac
2052 3857 2234 3898 uteban-

157 3926 227 3981 tur
254 3924 570 3982 παρερμενείᾳ,
602 3939 732 3982 quam
762 3925 1019 3968 Anastasius
1050 3925 1406 3978 bibliothecarius
1446 3927 1503 3969 ad
1531 3927 1751 3970 Joannem
1795 3928 1919 3971 VIII.
1966 3929 2016 3974 P,
2048 3929 2108 3973 Μ.
2154 3942 2227 3983 ap.
