2626 4432
94 1112 354 1147 subditorum
383 1108 430 1154 fi-

95 1166 165 1198 des
185 1180 228 1186 —
244 1162 431 1195 obedien-

93 1216 151 1250 tia
165 1232 209 1237 —
226 1214 429 1247 iuramen-

214 1266 309 1300 tum.

108 2854 238 2889 Ttaom.
259 2856 415 2893 Morus,

1292 133 1652 189 „gg-

597 302 822 367 Insuper
859 296 892 348 f.
933 293 1167 346 sedulam
1207 285 1418 344 omnino
1457 307 1676 360 operam
1714 270 1919 343 navare
1958 289 2192 342 societas
2232 290 2410 359 debet,
2448 309 2517 345 ne

455 397 506 446 in
544 390 815 455 membriS,
855 387 1042 454 quibus
1082 389 1322 445 constat,
1373 382 1508 438 haec
1546 390 1759 437 creetur
1795 382 2099 450 persuasio,
2156 384 2224 435 ab
2273 398 2339 434 ea
2386 383 2517 436 illud

454 488 671 551 abesse,
723 497 826 549 quo
867 478 1196 546 despoticum
1246 475 1483 541 regimen
1519 473 1536 506 ¹
1583 475 1814 527 validius
1859 474 2159 543 impeditur.
2229 471 2340 526 Sed
2379 477 2516 543 pub-

452 579 553 629 lica
592 574 863 642 religionis
902 569 1236 640 professione
1286 568 1560 635 neglecta,
1615 583 1722 620 non
1769 573 1991 643 possent
2039 567 2187 619 cives
2243 582 2363 642 non⁶
2393 567 2517 620 des-

451 669 678 720 cendere
717 667 768 717 in
804 666 956 716 istam
996 662 1324 730 opinionem;
1360 660 1788 728 quandoquidem
1829 662 1963 713 bene
2002 660 2274 723 noverint,
2325 675 2516 728 supre-

450 776 560 812 mos
597 761 917 826 imperantes
953 772 1165 823 semper
1210 760 1372 821 atque
1412 752 1708 806 efficaciter
1744 772 1850 808 una
1889 754 2151 808 contineri
2189 768 2352 823 posse
2389 753 2515 806 reli-

449 854 632 920 gione,
672 869 738 903 ne
775 855 1072 919 potestate,
1127 864 1229 915 qua
1268 847 1337 900 ad
1372 846 1799 901 aedificationem
1839 847 2045 915 pollent
2084 846 2150 898 ad
2194 846 2514 907 destructio—

445 963 564 999 nem
602 947 897 999 abutantur.

589 1117 822 1169 Tandem
859 1134 910 1184 g.
945 1102 1123 1182 nequit
1161 1128 1266 1165 non
1306 1113 1771 1167 vehementissime
1809 1115 2130 1183 improbari,
2169 1113 2313 1181 quod
2350 1115 2414 1167 iis
2451 1130 2511 1167 se

447 1210 621 1277 privet
672 1208 932 1273 societaS,
993 1205 1180 1271 quibus
1231 1210 1285 1256 et
1339 1204 1406 1257 de
1454 1205 1788 1259 subditorum
1836 1205 1960 1257 ¹fide
2010 1201 2212 1258 firmius
2269 1206 2512 1260 redditur

446 1309 620 1366 certa,
671 1307 723 1353 et
772 1301 958 1368 quibus
1006 1299 1057 1350 in
1102 1298 1563 1366 periculosissimis
1609 1299 1987 1367 reipublicae
2032 1297 2317 1367 adjunctis¹
2350 1298 2508 1352 animi

447 1394 773 1450 subditorum
811 1393 945 1459 erigi
984 1391 1255 1443 dumtaxat
1293 1390 1704 1458 confirmarique
1737 1391 1892 1444 unice
1943 1397 2182 1459 possunt.
2252 1391 2339 1445 'Ita
2376 1408 2510 1444 vero

446 1503 565 1539 sese
598 1492 811 1554 gereret
852 1486 1108 1551 societaS,
1158 1501 1295 1551 quae
1338 1470 1610 1552 publicam
1661 1466 1981 1552 religionem·
2006 1484 2234 1554 *insuper
2271 1485 2510 1539 haberet.

445 1580 576 1631 Nam
609 1586 661 1632 et
692 1579 946 1646 medium,
995 1593 1099 1645 quo
1140 1584 1286 1631 certa
1332 1576 1536 1630 firmius
1570 1577 1815 1630 redditur
1872 1577 1940 1629 de
1996 1577 2327 1630 subditorum
2381 1577 2504 1644 fide,

445 1680 525 1725 est
563 1674 825 1742 publicum
857 1671 1260 1740 jusjurandum:
1301 1677 1356 1724 et
1393 1689 1491 1724 eae
1531 1670 1851 1738 quandoque
1889 1671 2141 1738 ingruunt
2177 1671 2230 1722 in
2254 1673 2505 1740 rempub-

443 1767 595 1818 licam
634 1771 1007 1833 tempestateS,
1058 1765 1245 1831 quibus
1288 1781 1356 1816 ne
1396 1767 1690 1817 obruantur
1728 1763 1957 1828 subditi,
2005 1765 2159 1817 unica
2203 1763 2366 1818 efficit
2388 1781 2506 1818 ”re-

442 1859 585 1926 ligio.
658 1857 852 1911 Animo
900 1865 1178 1927 reputetur
1223 1873 1477 1911 romanae
1531 1858 1860 1927 reipublicae
1921 1839 2329 1926 conditio—post
2379 1874 2506 1930 can-

442 1967 605 2003 nense
643 1953 927 2005 excidium:
979 1953 1247 2005 recolatur
1289 1952 1624 2006 Senacherib
1665 1951 1906 2011 obsidio:
1963 1952 2295 2018 recogitetur
2338 1951 2505 2018 Holo-

441 2042 601 2094 sernis
640 2035 983 2112 oppugnatio,

436 2347 532 2388 not.
563 2344 673 2388 eccl.
705 2357 769 2389 cc.
803 2347 870 2389 17.
902 2348 951 2388 et
975 2344 1043 2388 18.
1085 2347 1132 2389 et
1160 2344 1284 2389 Petr.
1316 2343 1625 2389 Ribadeneira
1663 2343 1694 2387 l.
1726 2343 1755 2387 1.
1789 2343 1846 2387 de
1877 2342 2023 2400 princ.
2056 2344 2214 2390 christ.
2247 2357 2312 2389 cc.
2345 2344 2399 2389 13
2431 2358 2499 2403 sq.

436 2420 480 2459 et
512 2414 608 2461 fere
639 2431 724 2474 per
754 2420 900 2462 totum
930 2417 1042 2460 illud
1074 2431 1190 2474 opus
1221 2418 1474 2476 prudenter
1505 2416 1622 2462 satis
1653 2430 1709 2460 ac
1740 2416 1959 2474 erudite„

557 2492 571 2518 ¹
602 2490 717 2533 Hinc
747 2490 896 2534 videri
924 2490 1083 2534 mirum
1115 2496 1298 2548 posset,
1344 2490 1435 2535 nisi
1475 2488 1607 2534 fraus
1640 2493 1763 2533 esset
1795 2493 1982 2546 aperta,
2019 2489 2079 2533 ab
2110 2489 2206 2534 illis
2237 2490 2498 2535 hominibus

435 2575 581 2619 prope
627 2561 906 2607 furiosorum
952 2563 1101 2616 instar
1148 2563 1411 2621 oppugnari
1451 2555 1765 2606 vehementius
1816 2561 2088 2620 religiosam
2133 2562 2386 2607 societatis
2419 2565 2501 2608 hu-

433 2648 592 2679 manae
632 2634 991 2693 professionem,
1038 2636 1115 2693 qui
1160 2636 1339 2694 pariter
1387 2649 1526 2694 reges
1575 2648 1631 2679 ac
1678 2634 1913 2692 principes
1953 2635 2224 2692 despotismi
2265 2641 2517 2681 accusant..

434 2708 525 2752 Sed
549 2708 780 2753 enimvero
811 2709 857 2751 id
879 2712 1146 2766 propterea,
1180 2710 1304 2766 quod
1333 2714 1504 2755 norunt
1535 2709 1709 2754 tamdiu
1740 2709 1786 2752 in
1818 2711 1920 2752 tuto
1952 2722 2055 2752 esse
2085 2707 2324 2765 imperium
2355 2708 2498 2767 regis,

433 2793 666 2837 quousque
698 2782 741 2824 in
774 2782 1000 2826 hominum
1035 2783 1260 2828 societate
1291 2784 1423 2841 viget
1453 2783 1623 2841 religio
1649 2782 1841 2829 unitatis
1872 2794 2108 2827 romanae.
2154 2781 2363 2840 Egregia
2393 2787 2505 2842 sunt*

434 2864 548 2907 quae
578 2852 637 2896 ad
667 2865 763 2896 rem
794 2854 992 2898 Thomas
1023 2856 1180 2900 Morus
1223 2855 1494 2901 observavit
1535 2856 1581 2899 in
1623 2854 1928 2912 responsione
1970 2854 2029 2897 ad
2058 2855 2307 2898 Lutherum
2347 2856 2494 2899 c.r10:

434 2925 544 2981 „Cui
576 2925 674 2969 sedi
704 2929 986 2983 (romanae),
1020 2931 1069 2972 ut
1099 2927 1392 2984 obedienter,
1423 2927 1591 2984 inquit,
1632 2927 1968 2983 obtemperem,
2011 2940 2147 2983 quum
2185 2926 2269 2970 illa
2310 2916 2499 2972 movent

432 2998 604 3052 omnia,
636 3011 751 3055 quae
783 3000 908 3044 docti
938 3001 1176 3058 sanctique
1209 3002 1254 3045 in
1287 3014 1386 3045 eam
1418 3015 1515 3045 rem
1540 3001 1859 3058 collegerunt,
1890 3004 1985 3044 tum
2016 2998 2132 3042 illud
2155 2999 2372 3055 profecto
2403 3012 2515 3051 non·

361 3064 365 3066 ’
430 3075 583 3114 movet
614 3071 814 3127 minime,
847 3074 969 3129 quod
1000 3074 1142 3117 toties
1166 3087 1320 3118 sumus
1345 3073 1551 3131 experti,
1582 3087 1674 3117 non
1698 3072 1836 3117 modo
1860 3071 2083 3128 neminem
2099 3070 2330 3115 inimicum
2351 3069 2496 3124 fuisse

431 3143 710 3189 christianae
740 3142 872 3200 fidei,
893 3146 969 3202 qui
999 3160 1091 3190 non
1120 3146 1192 3188 illi
1223 3146 1322 3190 sedi
1357 3146 1529 3190 bellum
1561 3145 1699 3189 simul
1728 3144 1966 3199 indixerit,
1999 3143 2082 3188 sed
2112 3144 2250 3188 etiam
2273 3142 2496 3188 neminem

430 3228 637 3272 umquam
671 3217 921 3273 exstitisse,
954 3219 1030 3275 qui
1061 3233 1110 3263 se
1141 3217 1384 3275 professus
1416 3219 1478 3263 sit
1507 3219 1606 3263 eius
1638 3218 1760 3262 sedis
1790 3217 2046 3273 inimicum,
2078 3217 2187 3274 quin
2211 3217 2331 3261 idem
2353 3217 2494 3275 paulo

429 3292 537 3343 post
567 3302 615 3332 se
648 3289 957 3334 declaraverit
986 3291 1229 3348 insigniter
1260 3291 1435 3339 Christi
1466 3295 1514 3335 et
1543 3291 1787 3349 religionis
1811 3286 2003 3336 nostrae
2028 3291 2293 3348 capitaliter
2314 3291 2494 3336 hostem

430 3362 478 3402 et
517 3359 801 3415 proditorem
842 3375 958 3406 esse.
1019 3362 1163 3407 Valde
1212 3377 1283 3407 me
1318 3368 1476 3408 movet
1516 3368 1563 3407 et
1609 3363 1747 3419 illud,
1793 3363 1918 3421 quod
1956 3364 1997 3408 si
2035 3364 2094 3408 ad
2136 3364 2274 3409 istum
2310 3363 2494 3417 modum

428 3431 658 3475 hominum
689 3433 804 3477 vitia
832 3434 1109 3491 imputentur
1140 3434 1340 3482 officiis.
1359 3470 1369 3480 .
1387 3470 1398 3480 .
1441 3437 1589 3481 omnis
1627 3437 1932 3494 magistratus
1964 3441 2176 3492 corruet,
2213 3441 2261 3482 et
2292 3436 2382 3481 erit
2411 3449 2495 3494 po-

431 3503 563 3559 pulus
594 3504 766 3560 absque
797 3510 1005 3562 rectore,
1038 3507 1134 3551 sine
1166 3508 1271 3566 lege
1304 3513 1351 3553 et
1381 3509 1558 3553 ordine.
1618 3509 1746 3563 Quae
1777 3522 1856 3553 res
1887 3509 1928 3552 si
1955 3509 2205 3566 aliquando
2237 3509 2493 3566 contingat,

429 3576 475 3619 id
505 3575 625 3632 quod
656 3576 835 3632 aliquot
865 3577 1132 3623 Germaniae
1164 3580 1281 3626 locis
1312 3582 1495 3626 videtur
1524 3582 1783 3638 imminere,
1824 3585 1920 3626 tum
1962 3582 2140 3626 demum
2179 3594 2349 3639 magno
2391 3593 2491 3624 cum

431 3648 594 3693 damno
625 3648 846 3708 sentient,
882 3654 1053 3708 quanto
1083 3653 1231 3710 magis
1262 3654 1446 3700 intersit
1475 3655 1762 3712 mortalium,
1796 3655 1875 3699 vel
1904 3654 2054 3700 malos
2085 3654 2256 3710 habere
2279 3656 2490 3697 rectores

432 3733 563 3778 quam
587 3722 778 3780 nullos„
