2626 4432
128 1875 329 1921 Infertur.

88 2867 327 2913 Cyprianus.

1220 153 1580 212 ..20-

385 342 547 379 naeus
580 323 620 376 1:
661 323 808 391 „Hac
845 319 1175 372 ordinatione
1213 320 1266 367 et
1303 315 1640 366 successione
1681 328 1746 364 ea
1773 327 1909 378 quae
1948 315 2032 362 est
2069 313 2137 362 ab
2164 307 2444 378 Apostolis

384 422 434 471 in
477 419 700 471 ecclesia
739 414 954 467 traditio
991 418 1044 463 et
1081 410 1321 461 veritatis
1361 407 1707 475 praeconatio
1744 403 1990 472 pervenit
2026 417 2195 468 usque
2236 401 2302 453 ad
2329 417 2442 454 1108.

381 512 449 564 Et
486 517 567 562 est
603 509 906 577 plenissima
944 508 1076 557 haec
1114 503 1382 566 ostensio,
1436 517 1590 553 unam
1645 506 1699 551 et
1753 497 1992 550 eamdem
2042 495 2444 548 vivificatricem

381 604 538 655 fidem
577 618 723 667 esse,
771 617 905 667 quae
941 599 992 648 in
1029 595 1257 649 ecclesia
1297 597 1363 646 ab
1401 592 1682 660 Apostolis
1721 607 1890 658 usque
1938 605 2079 642 nunc
2118 590 2187 640 sit
2225 603 2444 642 conser-

379 701 503 746 vata
541 699 593 745 et
642 692 836 743 tradita
887 691 940 740 in
978 690 1253 754 veritate„
1331 686 1446 738 Hac
1490 685 1652 752 igitur
1698 683 1838 751 fide,
1888 690 2051 752 prout
2097 684 2307 734 interna
2346 688 2443 749 est,

378 789 487 839 vita
518 801 582 838 30
619 785 760 836 salus
799 782 1124 848 singulorum
1178 761 1442 832 ecclesiae*
1495 779 1848 839 membrorum
1895 777 2162 829 obtinetur
2212 791 2277 828 ac
2314 759 2443 843 pro7-

377 886 647 944 movetur3
684 876 973 941 eademque
1007 873 1113 927 fide
1154 878 1412 939 quatenus
1441 877 1665 922 externa
1703 876 1757 921 et
1792 870 2007 922 socialis
2037 876 2139 935 est,
2179 869 2443 922 ecclesiae

376 970 669 1024 ostenditur
708 969 879 1020 unitas
919 967 1070 1018 simul
1103 981 1167 1017 30
1193 964 1511 1016 universalis
1541 963 1779 1015 eiusdem
1810 963 2038 1015 diffusio.
2098 963 2252 1026 Quod
2283 979 2442 1030 egre-

375 1066 462 1132 gie
527 1078 729 1116 rursum
797 1062 1049 1113 Irenaeus
1092 1055 1113 1089 ²
1179 1058 1455 1110 edisserit:
1548 1056 1734 1126 „Hanc
1798 1056 2253 1124 praedicationem
2277 1097 2290 1122 ,
2353 1057 2441 1123 ait,

376 1174 530 1224 quum
569 1154 872 1223 acceperit,
920 1160 980 1205 ‘et
1028 1154 1166 1205 hanc
1219 1151 1377 1202 fidem
1418 1149 1861 1217 quemadmodum
1903 1149 2298 1217 praediximuS,
2350 1165 2441 1203 00·

376 1251 537 1303 clesia
594 1256 647 1300 et
695 1248 903 1315 quidem
952 1248 1004 1297 in
1065 1247 1364 1298 universum
1421 1243 1668 1295 mundum
1719 1243 2099 1309 disseminata,
2157 1242 2443 1311 diligenter

374 1342 604 1395 custodit
641 1342 790 1408 quasi
828 1357 979 1393 unam
1023 1340 1230 1390 domum
1270 1337 1599 1402 inhabitanS,
1641 1342 1695 1387 et
1734 1337 1974 1388 similiter
2011 1334 2183 1389 credit
2220 1336 2318 1401 iis,
2358 1336 2441 1387 vi-

373 1434 565 1485 delicet
603 1432 750 1498 quasi
782 1447 935 1483 unam
975 1431 1198 1483 animam
1246 1429 1450 1481 habens
1501 1435 1555 1480 et
1604 1445 1760 1480 unum
1803 1442 1923 1494 cor,
1979 1434 2032 1479 et
2081 1434 2442 1481 consonanter

371 1526 505 1578 11300
541 1524 815 1593 praedicat
853 1531 905 1576 et
945 1523 1103 1575 docet
1141 1529 1194 1574 et
1234 1520 1418 1587 tradit,
1461 1522 1615 1588 quasi
1654 1537 1812 1573 unum
1852 1519 2138 1589 possidens
2177 1535 2287 1589 os„

513 1721 576 1774 V.
615 1722 848 1775 Romana
877 1724 1048 1774 unitas
1081 1722 1200 1786 ipsa
1237 1723 1313 1772 est
1343 1715 1399 1771 ἐν
1438 1709 1624 1786 ἀτόμῳ
1666 1732 1792 1773 vera
1826 1716 2018 1770 Christi
2055 1715 2288 1770 ecclesia.

514 1845 614 1918 25(
636 1864 717 1916 Ex
754 1865 856 1917 hac
874 1864 1123 1932 jamvero
1150 1878 1404 1915 romanae
1435 1863 1651 1916 unitatis
1678 1861 1700 1896 3
1730 1863 1911 1916 indole
1937 1879 2003 1916 30
2034 1863 2240 1932 specie,
2281 1877 2442 1930 quam

371 1972 437 2007 ex
494 1956 774 2007 collatione
829 1971 943 2008 cum
995 1955 1279 2023 explorata
1332 1956 1471 2008 facie
1540 1956 1805 2008 ecclesiae
1868 1953 2068 2008 Christi
2116 1946 2442 2026 descriptam

370 2050 535 2101 oculis
574 2049 891 2116 objecimus,
948 2064 1052 2100 non
1091 2064 1262 2115 pauca
1297 2064 1470 2115 neque
1522 2049 1774 2100 levissimi
1822 2050 2073 2102 momenti
2127 2056 2250 2103 sunt
2303 2066 2441 2118 quae

370 2149 774 2209 consequuntur.
849 2140 917 2192 Et
954 2138 1084 2190 illud
1122 2139 1359 2206 inprimis
1398 2141 1643 2208 obvium,
1702 2156 1976 2193 romanam
2027 2143 2280 2194 unitatem
2332 2156 2440 2194 11011

369 2241 629 2300 utcunque
669 2233 906 2286 converti
957 2248 1020 2284 30
1059 2233 1359 2299 promiscue
1409 2234 1584 2301 accipi
1633 2250 1750 2287 cum
1790 2235 2021 2287 ecclesia
2062 2233 2286 2300 Christi,
2341 2233 2441 2287 sed

367 2328 508 2378 illam
539 2343 668 2394 prae
710 2326 832 2389 hac,
872 2342 1007 2392 quae
1046 2326 1363 2378 universalis
1403 2333 1485 2379 est
1511 2336 1818 2380 concretam
1854 2345 1976 2380 esse
2009 2345 2074 2382 ac
2099 2343 2273 2397 prope
2313 2346 2442 2397 per-

368 2420 599 2472 sonalem
640 2419 1048 2487 appellationem
1090 2426 1144 2470 et
1182 2436 1324 2487 rem,
1388 2436 1525 2487 quae
1574 2420 1711 2472 adeo
1752 2422 2032 2489 signanter
2070 2437 2440 2489 expresseque

370 2512 587 2564 denotat
622 2519 675 2564 et
709 2513 762 2563 in
802 2528 905 2579 qua
942 2528 1153 2565 carnem
1189 2528 1363 2581 prope
1415 2514 1617 2567 habent
1665 2522 1719 2566 et
1769 2530 1921 2582 ossa,
1976 2530 2326 2582 quaecunque
2371 2513 2440 2567 de

370 2622 499 2657 vera
537 2604 733 2657 Christi
771 2606 998 2658 ecclesia
1036 2606 1338 2674 praedicari
1394 2607 1583 2660 solent.
1662 2608 1864 2660 Verum
1908 2608 2116 2677 juverit
2163 2607 2268 2661 alia
2303 2599 2451 2661 11011-

369 2699 512 2751 1111113
548 2698 673 2750 inde
711 2698 997 2766 pendentia
1035 2699 1182 2753 hisce
1223 2701 1521 2754 corollariis
1561 2702 1868 2769 complecti.>
2405 2695 2410 2699 ’

515 2851 595 2905 26.
636 2849 1088 2903 Corollarium
1130 2851 1167 2904 I.
1218 2852 1386 2916 Quum
1426 2871 1494 2907 ex
1532 2856 1778 2923 superius
1817 2856 2061 2924 probatis
2100 2856 2153 2908 in
2194 2856 2312 2908 sola
2348 2842 2452 2913 ro-‘
2487 2862 2495 2867 ⁴

372 2958 524 2992 mana
561 2942 758 2993 unitate
798 2943 1059 2995 ecclesiae
1098 2945 1300 2997 veritas
1340 2947 1604 2999 collocata
1637 2948 1818 3015 fuerit,
1862 2948 2210 3015 consequitur
2238 2936 2440 2999 tantam

370 3034 507 3086 illius
567 3036 936 3087 necessitatem
990 3052 1134 3103 esse,
1184 3046 1380 3105 quanta
1431 3047 1515 3094 est
1578 3041 1877 3093 necessitas
1930 3058 2097 3094 verae
2147 3024 2440 3093 ecclesiae:

370 3126 507 3178 hanc
560 3142 723 3195 porro
775 3143 1025 3181 romanae
1089 3132 1303 3184 unitatis
1359 3134 1734 3186 necessitatem
1783 3134 1836 3186 'a
1890 3134 2134 3201 pluribus
2166 3131 2435 3186 'Patribus

489 3354 506 3382 1
538 3354 645 3398 Ibid.
676 3369 719 3399 n.
750 3358 790 3399 3.

489 3426 506 3454 ²
537 3427 597 3470 lb.
625 3427 656 3469 l.
687 3427 717 3470 1.
751 3441 788 3471 0.
820 3429 887 3471 10.
920 3443 961 3472 11.
991 3431 1031 3472 2.
1096 3431 1236 3475 Τοῦτο
1267 3429 1317 3476 τὸ
1349 3430 1560 3492 κήρυγμα
1591 3433 1893 3494 παρειληφυῖα
1923 3434 1998 3476 καὶ
2029 3427 2190 3489 ταύτην
2221 3430 2300 3488 τὴν
2329 3434 2434 3475 πίσ-

371 3514 458 3554 τιν,
492 3497 553 3548 ὦς
582 3502 866 3560 προέφαμεν,
914 3498 939 3558 ἡ
971 3502 1197 3559 ἐκκλησία,
1240 3509 1399 3564 καίπερ
1432 3506 1477 3550 ἐν
1514 3505 1602 3564 ὅλῳ
1635 3511 1699 3564 τῷ
1725 3503 1880 3564 κόσμῳ
1914 3504 2241 3566 διεσπαρμένῃ,
2283 3503 2437 3559 ἐπιμε-

371 3571 458 3621 λῶς
489 3571 709 3628 φυλάσσει
740 3574 800 3623 ὠς
832 3572 907 3618 ἕνα
938 3567 1056 3619 οἶκον
1087 3578 1270 3621 οἰκοῦσα
1301 3580 1375 3621 καὶ
1405 3577 1573 3635 ὁμοίως
1607 3577 1807 3624 πιστεύει
1837 3577 2035 3631 τούτοις,
2065 3577 2133 3628 ὦς
2148 3581 2259 3631 μίαν
2281 3576 2437 3635 ψυχὴν

371 3646 443 3687 καὶ
473 3643 550 3700 τὴν
581 3642 717 3701 αὐτὴν
747 3647 916 3700 ἔχουσα
947 3648 1158 3708 καρδίαν,
1199 3653 1272 3694 καὶ
1303 3651 1558 3708 συμφώνως
1595 3659 1738 3696 ταῦτα
1767 3649 1980 3712 κηρύσσει
2019 3652 2094 3693 καὶ
2125 3646 2332 3693 διδάσκει
2361 3649 2436 3690 καὶ

371 3717 703 3776 παραδίδωσιν,
735 3717 796 3769 ὥς
826 3719 870 3763 ἓν
901 3719 1046 3778 στόμα
1078 3726 1318 3781 κεκτημένη.

488 3791 506 3819 ³
536 3792 634 3835 Duo
667 3791 772 3836 addi
799 3792 987 3850 insuper
1018 3795 1259 3851 deberent,
1291 3797 1415 3853 quod
1445 3797 1656 3840 nimirum
1687 3795 1892 3840 societas
1916 3806 2110 3839 romana
2141 3796 2213 3836 est
2243 3805 2300 3835 ex
2330 3805 2434 3836 sese

374 3867 420 3906 et
448 3860 657 3918 perfecta
687 3868 734 3908 et
763 3864 1092 3920 independens:
1135 3881 1269 3924 quum
1299 3882 1412 3913 vero
1444 3874 1684 3927 utrumque
1728 3871 1869 3925 caput
1907 3867 2080 3911 diserte
2121 3864 2180 3908 iis
2222 3865 2436 3915 adstrua-

374 3938 463 3989 tur,
488 3947 603 3990 quae
637 3935 910 3991 disputando
927 3950 1258 3993 prosequemur
1276 3941 1508 3996 continuo,
1539 3939 1849 3998 praetermitti
1878 3950 1999 3982 nunc
2017 3936 2182 3982 merito
2201 3938 2433 3993 poterant,
