2716 4446
927 198 1323 255 —133—

87 364 350 417 ecclesiae
387 379 639 416 romanae
676 362 988 430 primatum,
1027 359 1231 412 cunctis
1269 358 1571 410 nationibus
1609 356 2020 426 percolendum,
2058 358 2155 409 im·-

78 462 208 525 petu
248 457 393 510 caeci
433 456 630 509 furoris
667 455 1010 524 impingunt„

224 612 375 665 Talia
412 612 633 666 decreta
671 628 879 664 rursum
920 608 986 680 4)
1025 611 1116 663 illa
1148 606 1167 640 1
1206 615 1326 662 sunt
1353 609 1571 662 Martini
1598 608 1662 661 V.
1702 615 1756 662 et
1784 608 1995 662 concilii
2026 617 2210 661 con-A
2251 615 2437 652 Martino
2474 614 2517 652 V·

39 778 43 782 φ
79 707 414 773 stantiensiS,
455 709 644 774 quibus
683 704 938 757 Wikleffi
978 703 1233 756 articulos
1265 699 1286 734 2
1339 703 1687 755 damnarunt:
1750 701 2030 771 „Ecclesia
2069 716 2158 753 ro-

78 817 234 853 mana
267 806 349 852 est
387 815 674 868 synagoga
712 804 961 863 satanae,
1000 812 1101 850 nec
1138 797 1290 865 Papa
1329 803 1411 849 est
1434 796 1708 865 proximus
1737 803 1790 848 et
1823 796 2159 847 immediatus

78 894 324 948 Vicarius
352 892 550 945 Christi
582 899 636 944 et
669 889 1108 961 Apostolorum„
1190 889 1343 957 „Non
1381 895 1464 941 est
1505 889 1571 940 de
1612 890 1932 942 necessitate
1972 888 2159 940 salutis

79 985 335 1053 credere,
374 1001 646 1037 romanam
688 985 973 1038 ecclesiam
1014 999 1133 1036 esse
1174 999 1477 1051 supremam
1515 970 1654 1034 inter
1685 984 1819 1035 alias
1847 983 2154 1051 ecclesias„

221 1145 290 1198 Et
341 1146 435 1197 illa
489 1145 693 1213 pariter
754 1143 819 1213 5)
877 1145 1068 1211 quibus
1103 1138 1125 1173 3
1184 1140 1503 1193 damnarunt
1557 1142 1811 1195 articulos
1849 1139 1871 1172 4
1933 1141 2159 1194 Joannis
2176 1148 2522 1236 Asigssfgfffeffli‘

77 1239 243 1292 Huss:
287 1238 513 1307 „Petrus
544 1254 648 1291 non
678 1244 785 1306 est,
824 1254 927 1291 nec
951 1237 1050 1289 fuit
1075 1240 1239 1303 caput
1265 1234 1533 1316 ecclesiae
1557 1242 1778 1288 sanctae
1805 1235 2156 1302 catholicae„
2214 1252 2402 1288 Maremo
2437 1253 2482 1287 v.

78 1333 294 1402 Papalis
332 1332 565 1400 dignitas
606 1349 637 1384 a
677 1331 912 1384 Caesare
951 1330 1198 1395 inolevit,
1253 1334 1304 1380 et
1352 1327 1536 1397 Papae
1585 1329 1848 1396 perfectio
1903 1335 1958 1380 et
2007 1327 2159 1379 insti-

79 1427 211 1479 tutio
270 1443 303 1478 a
354 1424 604 1478 Caesaris
645 1425 900 1493 potentia
960 1424 1277 1491 emanavit„
1372 1421 1593 1491 „Nullus
1651 1422 1766 1473 sine
1830 1421 2162 1474 revelatione

81 1500 352 1574 assereret
383 1519 775 1572 rationabiliter
807 1517 876 1570 de
915 1533 974 1570 se
1013 1517 1103 1569 vel
1139 1517 1273 1583 alic,
1327 1516 1474 1584 quod
1512 1522 1656 1568 esset
1696 1520 1859 1583 caput
1897 1514 2163 1567 ecclesiae

11 1616 13 1618 ’
60 1614 446 1684 particulariS,
497 1629 598 1666 nec
650 1611 1202 1664 romanus-Pontifex
1251 1616 1333 1662 est
1382 1616 1545 1679 caput
1602 1624 1857 1661 romanae
1900 1607 2166 1660 ecclesiae

79 1708 472 1778 particularis„
553 1706 705 1775 „Non
745 1710 963 1774 oportet
993 1704 1251 1772 credere,
1292 1703 1437 1772 quod
1475 1705 1576 1756 iste
1616 1702 1918 1771 quicunque
1954 1710 2036 1752 est
2073 1714 2166 1751 ro-

81 1800 269 1855 manus
296 1801 544 1855 Pontifex
571 1801 639 1853 sit
667 1807 829 1869 caput
856 1799 1221 1868 cujuscunque
1249 1798 1593 1867 particularis
1622 1796 1888 1850 ecclesiae
1929 1801 2167 1859 sanctae,

81 1896 182 1947 nisi
227 1895 372 1948 Deus
425 1912 543 1947 eum
592 1893 1066 1963 praedestinavit„
1147 1891 1353 1959 „Nemo
1405 1891 1547 1959 gerit
1606 1891 1779 1942 vicem
1833 1887 2033 1942 Christi
2080 1888 2170 1938 vel

84 1989 254 2057 Petri,
291 1989 395 2042 nisi
427 1994 687 2055 sequatur
734 2003 852 2039 eum
902 1988 956 2038 in
997 1986 1263 2052 moribus,
1322 2001 1440 2039 cum
1479 1985 1624 2037 nulla
1664 1985 1770 2037 alia
1821 1982 2042 2050 sequela
2100 1981 2168 2032 sit

208 2248 221 2274 ¹
251 2245 450 2290 Articuli
480 2247 550 2288 45.
581 2244 776 2289 Joannis
808 2244 1015 2290 Wikleff
1042 2247 1246 2292 damnati
1276 2261 1304 2291 a
1336 2248 1535 2292 concilio
1584 2246 1924 2292 constantiensi
1972 2250 2019 2290 et
2049 2246 2169 2290 Mar-

73 2318 188 2385 'tino
214 2319 270 2369 ⁴V.
301 2331 387 2375 per
416 2317 596 2362 Bullam
629 2317 780 2374 „Inter
811 2322 1028 2376 cunctas„
1064 2321 1091 2364 8
1118 2320 1220 2365 Kal.
1245 2320 1404 2365 Martii
1429 2321 1554 2365 1418.
1588 2324 1636 2364 et
1664 2320 1848 2364 Bullam
1876 2320 1950 2374 „In
1973 2319 2170 2362 eminen-

90 2391 177 2449 tis„
211 2392 420 2451 eJ'usdem
454 2380 556 2434 diei.
617 2391 716 2435 Huc
747 2396 938 2450 praeter
969 2393 1196 2437 articulos
1227 2407 1372 2451 supra
1402 2394 1576 2438 allatos
1607 2391 1787 2438 faciunt
1820 2406 1999 2450 quoque
2032 2406 2103 2436 aa.
2130 2393 2169 2436 8.

90 2472 137 2510 et
161 2467 201 2510 9.
265 2465 344 2521 „Si
375 2465 504 2523 Papa
536 2464 597 2508 sit
626 2464 883 2521 praescitus
917 2469 964 2509 et
988 2465 1157 2521 malus,
1190 2470 1238 2510 et
1267 2479 1352 2523 per
1384 2479 1672 2522 consequens
1695 2465 1949 2508 membrum
1976 2463 2166 2518 diaboli,

87 2551 180 2583 non
210 2538 351 2583 habet
380 2540 663 2596 potestatem
694 2551 836 2594 super
866 2535 1028 2582 fideles
1062 2539 1153 2583 sibi
1191 2540 1249 2584 ab
1291 2540 1450 2597 aliquo
1483 2539 1666 2594 datam,
1713 2538 1803 2581 nisi
1832 2536 1958 2581 forte
1993 2550 2021 2581 a
2053 2537 2167 2581 Cae-

87 2623 236 2669 sare„
301 2613 442 2669 „Post
471 2610 707 2657 Urbanum
739 2610 812 2654 VI.
844 2624 936 2654 non
968 2615 1040 2656 est
1071 2612 1238 2670 aliquis
1270 2612 1563 2670 recipiendus
1593 2611 1641 2655 in
1665 2610 1860 2668 Papam,
1894 2610 1974 2654 sed
2007 2609 2166 2652 viven-

86 2683 190 2728 dum
223 2687 295 2728 est
336 2696 467 2727 more
510 2681 794 2728 Graecorum
834 2682 919 2726 sub
964 2683 1150 2742 legibus
1188 2685 1438 2744 propriis„
1503 2681 1678 2731 Confer
1719 2697 1929 2728 errorem
1970 2683 2163 2740 primum

84 2753 424 2801 fraticellorum
453 2754 485 2800 1.
516 2768 615 2812 sup.
645 2768 684 2799 c.

203 2827 222 2856 ²
251 2830 334 2873 Aa.
366 2831 438 2874 37.
470 2831 541 2873 41.

191 2901 222 2931 '³
243 2899 449 2946 'Articuli
489 2902 559 2946 30.
598 2900 794 2946 Joannis
839 2901 958 2945 Huss
998 2901 1202 2948 damnati
1245 2915 1273 2946 a
1319 2901 1519 2947 concilio
1567 2900 1903 2946 constantiensi
1948 2903 1998 2957 et
2045 2901 2166 2945 Mar-

84 2974 182 3019 tino
213 2974 267 3018 V.
299 2977 350 3018 ut
378 2986 531 3030 supra.

174 3046 226 3076 ‘4
257 3047 341 3090 Aa.
373 3048 413 3089 7.
446 3046 485 3089 9.
517 3046 585 3089 10.
619 3048 688 3089 11.
730 3048 800 3090 12.
847 3047 914 3090 13.
953 3049 1023 3090 27.
1066 3047 1137 3091 28.
1179 3048 1251 3091 29.
1312 3046 1570 3091 Praeterea
1618 3043 1790 3090 referri
1837 3046 1924 3089 huc
1969 3050 2165 3102 possunt

86 3132 127 3163 a.
166 3120 238 3163 20.
300 3118 380 3175 „Si
410 3118 539 3176 Papa
580 3122 652 3163 est
690 3118 840 3163 malus
854 3122 877 3175 ,⁴
911 3123 959 3164 et
992 3120 1271 3178 praesertim
1303 3120 1342 3164 si
1375 3123 1446 3163 est
1477 3119 1760 3178 praescitus,
1797 3122 1907 3162 tunc
1939 3122 1988 3161 ut
2019 3118 2163 3162 Judas

87 3191 450 3251 Apostoluslest
491 3190 688 3247 diaboli,
727 3189 827 3247 fur,
867 3196 914 3236 et
952 3188 1077 3236 filius
1114 3191 1412 3249 perditionis,
1460 3196 1507 3236 et
1546 3206 1639 3237 non
1678 3196 1751 3236 est
1792 3195 1935 3250 caput
1972 3195 2164 3235 sanctae

87 3263 326 3309 militantis
358 3262 607 3319 ecclesiae,
647 3277 748 3308 cum
786 3277 871 3307 nec
914 3264 976 3308 sit
1015 3266 1266 3310 membrum
1305 3267 1449 3325 ejus.„
1513 3268 1566 3311 A.
1597 3269 1675 3311 22:
1712 3267 1869 3323 „Papa
1908 3265 1987 3309 vel
2026 3277 2164 3323 prae-

89 3336 212 3380 latus
241 3335 388 3379 malus
419 3339 466 3380 et
494 3337 751 3393 praescitus
785 3341 858 3382 est
881 3337 1137 3395 aequivoce
1168 3344 1357 3397 pastor,
1389 3344 1436 3384 et
1467 3353 1577 3384 vere
1608 3337 1685 3383 fur
1715 3344 1763 3384 et
1793 3340 1960 3395 latro„
2004 3341 2056 3383 A.
2079 3340 2161 3382 23:

94 3402 249 3464 „Papa
277 3421 368 3451 non
400 3406 538 3451 debet
567 3407 657 3451 dici
685 3409 1025 3466 sanctissimuS,
1066 3412 1205 3457 etiam
1236 3413 1484 3458 secundum
1515 3411 1742 3470 officium3
1788 3413 1898 3470 quia
1928 3412 2047 3457 alias
2079 3425 2163 3455 rex

92 3479 280 3524 deberet
310 3479 449 3524 etiam
481 3479 573 3524 dici
602 3480 916 3526 sanctissimus
948 3484 1194 3527 secundum
1225 3481 1454 3540 officium,
1509 3489 1557 3529 et
1588 3488 1796 3529 tortores
1827 3488 1876 3528 et
1903 3495 2162 3540 praecones

91 3552 354 3596 dicerentur
383 3553 560 3609 sancti;
591 3551 683 3597 imo
713 3553 851 3598 etiam
884 3555 1099 3601 diabolus
1132 3557 1326 3601 deberet
1355 3557 1444 3601 dici
1480 3561 1692 3612 sanctus,
1743 3569 1844 3600 cum
1883 3557 1945 3600 sit
1983 3552 2163 3600 officia-

89 3626 185 3669 rius
216 3625 339 3680 Dei.„
402 3627 454 3669 A.
483 3626 561 3669 24:
598 3625 678 3682 „Si
706 3625 838 3686 Papa
866 3629 999 3674 vivat
1029 3630 1216 3676 Christo
1250 3629 1509 3686 contrarie,
1557 3629 1740 3674 etiamsi
1772 3628 2048 3672 ascenderet
2078 3640 2164 3686 per

89 3697 226 3742 ritam
256 3702 303 3742 et
333 3698 583 3756 legitimam
616 3699 890 3745 electionem
923 3703 1170 3746 secundum
1203 3702 1583 3747 constitutionem
1622 3702 1864 3745 humanam
1903 3700 2161 3759 vulgatam,

88 3774 241 3814 tamen
273 3771 457 3814 aliunde
489 3771 761 3817 ascenderet
791 3786 927 3830 quam
957 3788 1040 3832 per
1066 3774 1320 3830 Christum,
1362 3774 1472 3817 dato
1505 3774 1644 3818 etiam
1675 3772 1798 3830 quod
1840 3772 2039 3817 intraret
2077 3786 2164 3829 per

88 3843 359 3888 electionem
391 3856 416 3886 3
448 3844 545 3887 Deo
591 3844 911 3902 principaliter
942 3846 1142 3890 factam:
1188 3860 1294 3889 nam
1333 3845 1479 3890 Judas
1519 3845 1803 3890 Iscariothes
1849 3845 1939 3889 rite
1969 3849 2015 3889 et
2045 3845 2163 3903 legi-

89 3916 195 3960 time
243 3922 315 3961 est
361 3917 537 3961 electus
586 3930 615 3960 a
646 3919 742 3962 Deo
774 3919 962 3964 Christo
1006 3921 1120 3964 Jesu
1162 3920 1221 3963 ad
1267 3919 1611 3976 episcopatum,
1657 3922 1705 3962 et
1750 3922 1903 3962 tamen
1952 3918 2163 3963 ascendit

89 3987 270 4032 aliunde
302 3988 359 4032 ad
392 3989 515 4032 ovile
548 3989 743 4044 ovium„
