2716 4446
216 1174 304 1206 Pius
325 1174 390 1210 IX.

1363 177 1710 238 —316—

498 324 697 377 siarum
734 328 959 376 vocatur
997 327 1051 374 et
1089 328 1197 375 est:
1237 323 1585 392 pronuntiata
1609 320 1756 373 illius
1782 338 1940 391 porro
1981 323 2247 376 sententia
2285 342 2315 376 e
2353 322 2567 377 disertis

494 416 765 488 loquendi,
823 434 925 468 nec
980 434 1089 469 non
1113 435 1117 438 ’
1145 415 1344 486 agendi
1400 415 1640 481 indubiis
1695 415 2017 486 rationibuS,
2075 416 2250 487 iisque
2275 480 2278 482 v
2308 416 2568 471 ambabus

494 531 617 567 cum
667 512 938 565 constanti
995 530 1093 564 sua
1150 530 1214 564 ac
1270 518 1536 582 perpetua
1591 510 1879 564 traditione
1935 511 2096 582 plane
2153 511 2566 566 cohaerentibus

493 606 709 660 omnino
766 603 953 675 liquet.
987 604 1088 657 'Et
1144 605 1290 675 quod
1346 604 1416 657 ad
1471 605 1735 658 rationem
1775 605 1969 658 attinet
2005 605 2220 676 agendi,
2280 606 2561 676 speciatim

491 706 680 771 postea
720 699 890 751 oratio
929 706 1199 767 recurret3
1259 698 1329 750 ad
1384 698 1650 751 rationem
1706 716 1837 751 vero
1889 697 2265 768 theoreticam,
2303 706 2365 752 ut
2401 700 2566 768 aiunt,
2595 760 2607 764 ,
2683 698 2697 709 “

493 793 637 864 quod
677 799 902 863 spectat,
953 792 1318 863 praeclariora
1368 781 1584 863 exquiri
1634 811 1740 845 non
1781 799 2024 863 possunt,
2094 811 2253 864 quam
2294 812 2432 864 quae
2468 795 2567 847 vix

492 886 562 939 ad
589 906 857 939 summum
894 886 1270 957 pontificatum
1310 893 1533 940 evectus
1574 886 1743 957 priori
1769 886 1812 958 1)
1841 905 1938 939 sua
1961 886 2246 958 „Epistola
2269 887 2568 962 Encyclica

492 980 561 1032 ad
601 997 787 1033 omnes
843 979 1202 1048 PatriarchaS,
1261 979 1546 1048 PrimateS,
1604 978 2065 1051 Archiepiscopos
2124 987 2178 1034 et
2221 979 2560 1052 Episcopos„

491 1073 678 1143 gloriis
718 1081 773 1126 et
821 1074 1065 1126 victoriis
1105 1073 1406 1144 completus
1445 1082 1629 1128 noster
1667 1073 2057 1128 Sanctissimus
2107 1075 2377 1129 Dominus
2415 1076 2566 1148 Papa

489 1167 621 1220 Pius
659 1186 835 1221 nonus
873 1168 960 1221 his
1001 1168 1362 1238 significavit:
1420 1169 1603 1238 „Viva
1642 1176 1695 1222 et
1732 1169 2036 1222 infallibilis
2075 1171 2368 1224 auctoritas
2405 1171 2463 1223 in
2501 1158 2567 1224 ea.

489 1270 699 1316 tantum
735 1263 888 1333 viget
925 1261 1175 1330 ecclesia,
1229 1282 1368 1334 quae
1421 1283 1453 1316 a
1493 1262 1710 1316 Christo
1749 1263 1986 1317 Domino
2027 1283 2190 1335 supra
2226 1264 2448 1318 Petrum
2485 1271 2563 1322 tc·
2638 1318 2641 1321 ,

487 1357 594 1410 tius
634 1357 900 1412 ecclesiae
941 1365 1120 1429 caput,
1160 1359 1466 1429 principem
1494 1366 1548 1412 et
1569 1366 1859 1429 pastorem,
1889 1359 2042 1411 cuius
2068 1358 2229 1411 fidem
2266 1347 2563 1430 numquam

489 1451 822 1525 defecturam
860 1453 1124 1523 promisit,
1165 1452 1452 1506 aedificata
1478 1472 1617 1513 ,suos
1655 1452 1927 1524 legitimos
1980 1471 2194 1523 semper
2229 1452 2396 1506 habet
2430 1472 2560 1525 pon-

486 1546 660 1599 tifices
700 1548 818 1600 sine
856 1547 1260 1601 intermissione
1300 1547 1369 1600 ab
1409 1549 1528 1621 ipso
1554 1548 1716 1601 Petro
1745 1547 2004 1600 ducentes
2044 1547 2308 1618 originem
2334 1547 2402 1599 »in
2443 1549 2559 1600 eius

488 1640 746 1694 cathedra
784 1641 1095 1710 collocatos,
1139 1651 1195 1696 et
1233 1643 1479 1695 eiusdem
1520 1644 1684 1696 etiam
1724 1642 2018 1710 doctrinae,
2058 1641 2353 1711 dignitatis,
2391 1640 2556 1706 hono-

485 1736 560 1787 ris
599 1754 663 1788 ac
699 1737 985 1805 potestatis
1023 1735 1290 1789 haeredes
1330 1743 1386 1790 et
1422 1736 1686 1790 vindices·
1727 1735 1798 1788 Et
1825 1735 2077 1806 quoniam
2117 1735 2213 1788 ubi
2248 1730 2442 1788 Petrus
2478 1734 2558 1788 ibi

486 1827 720 1882 ecclesia
744 1829 788 1900 2)
829 1848 893 1882 ac
930 1829 1124 1882 Petrus
1162 1849 1261 1901 per
1284 1848 1569 1884 romanum
1595 1829 1906 1901 pontificem
1933 1829 2171 1901 loquitur
2192 1827 2238 1900 ³)
2265 1836 2320 1882 et
2345 1848 2558 1900 semper

483 1923 541 1975 in
580 1924 692 1975 suis
749 1923 1157 1976 successoribus
1214 1924 1369 1991 vivit,
1429 1932 1483 1976 et
1538 1923 1803 1976 iudicium
1863 1930 2085 1975 exercet
2107 1923 2152 1993 4)
2210 1941 2274 1975 ac
2324 1929 2562 1993 praestat
2607 1969 2623 1975 -

485 2005 870 2087 quaerentibus
923 2016 1052 2070 fidei
1110 2018 1398 2070 veritatem
1422 2017 1467 2089 ⁵)
1525 2016 1729 2069 idcirco
1789 2016 1976 2070 divina
2029 2015 2245 2086 eloquia
2296 2023 2358 2069 eo
2396 2014 2558 2086 plane

484 2129 649 2163 sensu
688 2120 812 2164 sunt
849 2110 1183 2181 accipienda,
1226 2129 1388 2182 quem
1426 2111 1602 2164 tenuit
1639 2129 1704 2163 ac
1742 2117 1891 2164 tenet
1927 2109 2063 2162 haec
2099 2128 2324 2163 romana.
2359 2108 2557 2163 beatis·

447 2267 452 2270 Α
484 2205 605 2257 simi
644 2205 793 2258 Petri
831 2195 1105 2273 cathedra,
1146 2222 1285 2275 quae
1313 2205 1553 2257 omnium
1579 2203 1932 2257 ecclesiarum
1958 2215 2130 2272 mater
2155 2211 2209 2256 et
2232 2204 2492 2274 magistra
2507 2204 2552 2276 6)

481 2298 643 2351 fidem
682 2318 714 2351 a
754 2299 981 2352 Christo.
1009 2299 1246 2351 Domino
1285 2298 1557 2368 traditam,
1596 2300 1864 2368 integram
1889 2298 2314 2369 inviolatamque
2342 2316 2585 2369 semper-

483 2395 755 2462 servavit,
780 2412 1009 2464 eamque
1050 2392 1238 2446 fideles
1278 2393 1521 2461 edocuit,
1552 2392 1802 2446 omnibus
1843 2391 2130 2446 ostendens
2171 2391 2358 2454 salutis
2397 2390 2587 2445 semi-'

482 2493 607 2555 tam,
648 2494 701 2540 et
738 2488 1084 2558 incorruptae
1122 2487 1367 2540 veritatis
1407 2486 1762 2556 doctrinam.„
1807 2486 1930 2552 Qua
1953 2486 2260 2539 firmissime
2288 2505 2320 2538 a
2347 2495 2552 2540 summo
2596 2496 2599 2497 ’

479 2577 738 2650 magistro
778 2582 954 2652 posita
993 2581 1251 2649 doctrina,
1292 2588 1352 2633 ut
1391 2582 1640 2648 sciamUS,
1669 2580 1799 2651 quid
1819 2568 2117 2632 tenendum
2143 2581 2415 2651 animique
2440 2579 2552 2651 ple·
2625 2626 2627 2629 .
2681 2633 2694 2649 ,,

477 2675 702 2727 nissima
739 2674 1060 2727 adsensione
1098 2674 1454 2745 probandum,
1495 2675 1640 2727 idem
1679 2688 1960 2745 supremus
1987 2675 2286 2727 animarum
2314 2675 2552 2728 omnium

475 2775 661 2838 pastor
687 2765 986 2821 clarissime
1015 2768 1266 2838 ostendit,
1289 2768 1422 2840 quid
1447 2767 1733 2838 agendum.
1761 2767 1947 2836 Pergit
1973 2767 2145 2820 enim:
2177 2768 2361 2835 „Haec
2388 2767 2551 2838 siqui-

478 2863 601 2917 dem
638 2862 958 2934 principalis
1009 2862 1257 2931 ecclesia,
1310 2862 1456 2915 unde
1508 2863 1685 2914 unitas
1726 2861 2077 2915 sacerdotalis
2117 2869 2308 2915 exorta
2329 2861 2374 2932 ⁷)
2414 2860 2549 2934 haec
2612 2900 2615 2903 r

428 2967 430 2969 ’
475 2958 692 3028 pietatis
731 2956 1068 3027 metropoliS,
1125 2957 1182 3008 in
1241 2975 1348 3027 qua,
1405 2963 1488 3008 est
1544 2956 1758 3025 integra
1797 2955 2129 3009 christianae
2167 2955 2446 3024 religionis
2485 2972 2550 3006 ac

386 3117 389 3122 r
474 3052 717 3122 perfecta
756 3044 997 3105 soliditas
1022 3051 1066 3120 Β)
1129 3052 1186 3103 in
1244 3068 1352 3121 qua
1410 3067 1623 3121 semper
1679 3050 2010 3120 apostolicae
2049 3049 2339 3102 cathedrae
2377 3050 2550 3120 viguit

479 3258 820 3265 ψ-

649 3388 684 3443 ¹)
715 3391 832 3431 Data
862 3402 935 3432 an.
971 3386 1096 3430 1846.
1127 3386 1170 3430 9.
1201 3385 1314 3428 Νον.

647 3461 682 3518 2)
716 3461 760 3506 S.
791 3461 994 3502 Ambros.
1027 3462 1072 3502 in
1104 3461 1174 3501 Ps.·
1204 3458 1275 3503 40.

647 3533 684 3590 3)
717 3533 884 3578 Concil.
918 3532 1173 3575 chalcedon.
1206 3536 1293 3574 act.
1326 3529 1365 3574 2.

650 3605 683 3660 ⁴)
716 3605 878 3660 Synod.
910 3605 1056 3660 ephes.
1088 3607 1174 3648 act.
1206 3601 1249 3647 3.

649 3675 682 3733 ⁵)
715 3677 761 3722 S.
792 3679 909 3720 Petr.
954 3677 1155 3731 Chrysol.
1187 3690 1254 3730 ep.
1287 3676 1343 3717 ad
1371 3676 1561 3729 Eutych.

627 3749 680 3802 ’6)
713 3749 881 3793 Concil.
911 3749 1137 3795 tridentin.
1173 3762 1279 3791 seSS.
1312 3749 1411 3791 VII.
1446 3748 1499 3789 de
1530 3748 1686 3801 baptis.

649 3820 680 3876 ⁷)
714 3821 760 3865 S.
794 3821 1002 3876 Cyprian.
1036 3835 1105 3875 ep.
1138 3818 1210 3863 55.
1243 3819 1300 3860 ad
1332 3819 1503 3860 Cornel.
1533 3821 1690 3874 pontif.

648 3893 681 3948 ⁸)
712 3893 816 3938 Litt.
860 3893 1012 3947 synod.
1053 3893 1184 3935 Joan.
1227 3892 1547 3945 constantinop.
1589 3891 1644 3932 ad
1689 3891 1912 3936 Hormisd.
1956 3890 2109 3949 pontif.
2153 3893 2197 3931 et
2234 3889 2405 3931 Sozom.
2436 3888 2538 3935 hist.

471 3964 501 4011 L
531 3964 611 4008 ΠΙ.
642 3978 679 4007 c.
709 3963 752 4010 8.
