2716 4446
1055 80 1401 141 —137—

368 239 416 293 4.
438 255 620 291 rerum
643 233 999 288 humanarum
1025 225 1320 281 conditioni
1346 226 1582 299 aliquem
1609 228 2102 282 controversiarum
2126 225 2264 280 iudi·
2283 229 2484 307 eausam
2515 230 2626 263 ‘ribu-

199 354 317 390 cem
353 331 618 404 flagitanti
654 329 826 400 magis
865 341 1176 390 consonum,
1218 320 1351 392 quid
1373 339 1444 374 ex
1481 322 1722 376 fidelium
1761 324 2006 393 gentium
2030 321 2266 392 desuper

197 429 303 484 fide
339 403 761 482 illuminatarum
798 418 1147 492 persuasione
1185 412 1457 469 salubrius
1484 421 1646 488 atque
1673 416 1969 486 decentius,
2010 414 2141 488 quid
2165 433 2263 487 pro

193 705 441 748 sacerdotes
472 717 618 747 coram
647 702 837 744 Domino
879 699 1198 754 supplicamus,
1250 700 1299 739 ut
1341 698 1543 739 novellae
1583 700 1949 753 praesumptionis
1996 700 2263 754 scandalum,
2282 709 2461 762 Sententia
2498 710 2627 743 unam·-

190 777 307 832 quod
344 776 554 818 adversus
594 773 724 817 fidem
763 777 956 815 nostram
997 774 1258 813 attentatum
1306 774 1394 823 est,
1457 772 1705 815 auferaturt
1757 773 2022 827 fratremque
2069 777 2266 815 nostrum
2411 763 2490 789 ”³²⁸⁴

185 849 383 900 Paulum,
416 845 921 899 Constantinopolitanae
953 843 1167 885 ecclesiae
1198 844 1453 898 episcopum
1482 844 1622 898 regali
1651 845 1923 898 auctoritate,
1955 849 2005 887 ut
2035 846 2266 888 nobiscum

185 921 232 963 id
260 923 326 962 est
356 932 456 961 cum
488 920 608 960 omni
638 917 922 973 generalitate
969 917 1207 959 orthodoxe
1249 930 1403 971 sapere
1445 917 1602 958 debeat
1644 922 1870 960 coarctare
1915 919 2158 974 dignemini
2183 949 2194 961 .
2218 951 2229 964 .
2251 952 2263 964 .

190 992 330 1047 pietas
359 995 508 1033 vestra
539 991 779 1032 divinitatis
812 1004 959 1032 amore
989 992 1203 1032 instructa
1242 1004 1321 1045 pro
1362 1003 1472 1045 pace
1504 991 1790 1033 ecclesiarum
1820 993 1906 1033 Dei
1945 993 2093 1047 regale
2138 1006 2264 1047 prae-

185 1064 318 1118 cipiat
346 1063 496 1118 largiri
525 1063 814 1118 praesidium:
840 1067 896 1106 *ut
924 1077 1035 1118 pace
1065 1065 1149 1105 Dei
1180 1064 1388 1117 fruentes,
1422 1077 1534 1118 quae
1565 1078 1738 1106 omnem
1770 1068 1948 1119 superat
1977 1065 2266 1119 intellectum,

185 1149 369 1192 regnum
400 1139 591 1178 vestrum
622 1138 667 1177 in
697 1150 806 1191 pace
838 1150 1036 1178 securum
1070 1138 1197 1179 annis
1227 1137 1467 1178 innumeris
1490 1140 1770 1192 propagetur.
1834 1138 2122 1192 Omnipotens
2143 1137 2264 1180 Deus

183 1213 343 1262 noster,
375 1209 744 1267 cuiuspotestate
777 1213 934 1251 cuncta
980 1213 1212 1264 reguntur,
1254 1210 1472 1263 benignus
1517 1208 1574 1251 ad
1619 1213 1816 1251 vestrum
1855 1210 2063 1264 respiciat
2102 1210 2264 1264 princi-

180 1285 352 1339 patum:
383 1294 667 1337 paganasque
698 1286 864 1336 gentes,
898 1296 1010 1336 quae
1041 1282 1095 1324 de
1126 1295 1207 1323 sua
1237 1282 1409 1324 feritate
1441 1281 1677 1333 confidunt,
1707 1283 1930 1336 potentiae
1960 1295 2066 1323 suae
2087 1282 2266 1324 dextera

181 1355 352 1411 pietatis
382 1358 554 1397 vestrae
586 1355 971 1397 christianissimae
1003 1355 1156 1396 ditioni
1187 1355 1424 1409 subiugare
1455 1355 1701 1409 dignetur,
1734 1355 1804 1395 Ita
1826 1355 2063 1396 censebant
2094 1355 2265 1396 collecti

180 1429 226 1471 in
255 1440 390 1469 unum
420 1428 603 1469 africani
634 1428 826 1482 episcopi
857 1431 901 1469 et
929 1428 1067 1468 italici
1097 1428 1151 1469 de
1180 1428 1454 1482 imperatoris
1497 1427 1640 1469 officio
1686 1428 1947 1482 imperiique
1988 1428 2260 1469 nobilissimo

179 1502 292 1545 fine:
323 1501 555 1555 perspicua
585 1504 652 1541 est
681 1501 1160 1554 sententia„explicata
1190 1501 1296 1542 satis
1325 1501 1564 1555 itidemque
1595 1502 1788 1555 antiqua.
1852 1501 1939 1542 Sed
1961 1501 2112 1543 eadem
2133 1501 2263 1556 plane
2306 1514 2486 1547 Sententia
2502 1524 2580 1549 con·

179 1588 232 1618 ac
260 1575 338 1616 illa
368 1588 498 1629 quam
528 1575 697 1616 romani
725 1575 810 1629 ipsi
839 1575 1075 1617 Pontifices
1108 1579 1356 1617 constanter
1385 1578 1632 1630 repetentes
1672 1575 1959 1616 inculcarunt.
2021 1575 2265 1617 Inculcavit
2380 1560 2493 1594 stane.

179 1648 277 1704 plus
309 1649 444 1691 semel
474 1662 554 1690 sua
585 1649 641 1690 ad
671 1649 956 1703 imperatores
989 1649 1174 1702 epistola
1204 1649 1321 1690 lecta
1350 1650 1396 1690 in
1428 1649 1613 1691 concilio
1645 1649 1928 1690 oecumenico
1958 1649 2036 1692 VL
2068 1652 2153 1692 act.
2186 1649 2262 1693 IV.
2338 1659 2467 1695 Concil.
2495 1661 2554 1695 VI.

181 1735 252 1776 ap.
284 1722 501 1763 Harduin.
533 1725 564 1765 t.
595 1722 674 1763 ΙΙΙ.
714 1735 786 1776 pp.
820 1719 948 1765 1081.
990 1719 1117 1765 1111.
1151 1734 1246 1775 sqq.
1279 1721 1450 1776 Agatho
1481 1735 1596 1776 papa
1640 1722 1736 1763 loco
1777 1724 1995 1775 postremo
2042 1721 2261 1764 scribens:

182 1793 333 1846 „Haec
361 1797 508 1836 autem
538 1793 636 1835 ideo
666 1794 811 1834 Deum
842 1793 1182 1847 omnipotentem
1213 1793 1414 1834 felicibus
1445 1797 1617 1834 vestrae
1648 1793 1995 1834 mansuetudinis
2026 1793 2084 1834 ad
2115 1806 2259 1834 emen-

40 1853 77 1893 'fl'-
139 1919 143 1923 “
181 1865 375 1908 dandum
406 1866 622 1907 credimus
652 1878 900 1906 reservasse
930 1865 1213 1919 temporibus,
1244 1869 1293 1906 ut
1322 1865 1467 1906 locum
1500 1870 1543 1907 et
1573 1866 1714 1907 zelum
1745 1867 1883 1920 ipsius
1914 1866 2095 1907 Domini
2124 1867 2261 1908 nostri

176 1938 287 1980 Jesu
319 1935 494 1990 Christi,
528 1938 603 1992 qui
631 1941 826 1979 vestrum
855 1937 1085 1992 imperium
1118 1951 1326 1980 coronare
1358 1939 1563 1993 dignatus
1595 1943 1673 1992 est,
1705 1939 1915 1980 facientes
1946 1939 1993 1979 in
2022 1939 2149 1979 terris
2180 1953 2258 1993 pro
2275 1941 2473 1983 Imperator
2489 1951 2624 1978 roman.

44 1987 68 2003 ,,

39 2001 63 2026 ⁶
102 2018 108 2024 '
182 2012 276 2052 eius
308 2011 562 2065 evangelica
591 2014 723 2064 atque
754 2010 996 2064 apostolica
1025 2011 1210 2053 veritate
1250 2011 1413 2052 iustum
1453 2012 1663 2053 iudicium
1704 2012 1949 2066 proferatis.
2013 2012 2126 2063 Quia
2157 2012 2260 2054 dum

179 2085 359 2126 humani
389 2083 562 2138 generis
593 2083 840 2138 redemptor
860 2088 993 2138 atque
1014 2084 1205 2126 salvator
1227 2085 1283 2125 sit
1303 2084 1508 2125 iniuriam
1532 2098 1701 2139 passus,
1734 2099 1852 2127 nunc
1873 2099 2014 2139 usque
2037 2085 2257 2138 sustinuit,

177 2162 437 2211 vestraeque
468 2156 734 2198 fortitudinis
775 2157 1015 2211 adspiravit
1052 2157 1259 2211 imperio,
1300 2160 1350 2198 ut
1394 2157 1488 2198 eius
1527 2157 1629 2199 fidei
1670 2171 1868 2210 causam,
1918 2160 2030 2200 sicut
2060 2159 2258 2212 aequitas

28 2217 43 2249 f
101 2253 115 2258 s
179 2231 326 2285 exigit,
359 2235 403 2271 et
432 2234 683 2272 sanctorum
714 2234 887 2284 patrum
919 2243 1230 2284 sacrarumque
1251 2230 1525 2284 generalium
1550 2231 1742 2284 quinque
1765 2230 2033 2284 synodorum
2065 2230 2259 2271 decrevit

177 2305 425 2357 instructio,
470 2305 651 2358 exsequi
682 2304 920 2358 dignemini
938 2318 948 2354 ;
994 2307 1038 2344 et
1067 2303 1354 2357 redemptoris
1399 2316 1452 2344 ac
1484 2304 1801 2357 corregnatoris
1834 2304 2036 2344 iniuriam
2067 2303 2120 2344 de
2152 2316 2258 2344 suae

177 2377 278 2421 fidei
311 2376 680 2430 contemptoribus
709 2389 788 2429 per
819 2377 911 2416 eius
930 2375 1194 2430 praesidium
1215 2375 1518 2426 ulciscamini3
1550 2375 1853 2429 propheticum
1873 2375 1982 2416 illud
2002 2376 2256 2417 vaticinium

179 2464 277 2492 cum
306 2450 522 2504 imperiali
563 2449 793 2490 clementia
825 2449 1160 2503 magnanimiter
1192 2449 1499 2502 adimplentes,
1547 2462 1632 2503 quo
1672 2462 1748 2490 rex
1788 2452 1831 2490 et
1871 2449 2083 2503 propheta
2113 2449 2258 2490 David

177 2525 232 2566 ad
261 2525 405 2566 Deum
434 2524 656 2577 loquitur:
689 2523 818 2564 Zelus
850 2523 1002 2564 domus
1032 2527 1146 2575 tuae,
1178 2523 1396 2577 inquiens,
1430 2523 1618 2564 comedit
1649 2536 1731 2563 me.
1794 2523 1921 2564 Unde
1951 2535 2030 2576 pro
2060 2522 2139 2563 tali
2160 2522 2256 2564 Deo
2316 2523 2373 2555 Ps.
2404 2522 2576 2559 LXVIII.

176 2596 335 2650 placito
366 2596 459 2636 zelo
493 2595 763 2637 callaudatus
805 2596 926 2637 illam
972 2596 1145 2637 beatam
1176 2609 1329 2637 vocem
1359 2597 1509 2637 audire
1540 2610 1567 2638 a
1599 2600 1791 2637 creatore
1838 2597 2030 2636 omnium
2075 2596 2255 2637 meruit:

174 2670 328 2710 Inveni
351 2668 494 2709 David
525 2668 764 2709 secundum
795 2682 869 2710 cor
899 2681 1055 2721 meum,
1090 2669 1165 2723 qui
1194 2669 1327 2723 faciat
1358 2682 1507 2711 omnes
1539 2670 1789 2711 voluntates
1822 2683 1958 2713 meas,
2024 2669 2107 2710 Cui
2139 2673 2181 2710 et
2211 2671 2256 2710 in
2331 2665 2408 2703 Act.
2436 2668 2541 2701 XIII.
2570 2667 2573 2670 ⁴

175 2741 362 2783 Psalmis
386 2742 642 2795 pollicetur:
673 2741 830 2782 Inveni
850 2741 995 2782 David
1017 2755 1191 2783 servum
1208 2755 1367 2792 meum,
1401 2743 1496 2784 oleo
1520 2746 1671 2784 sancto
1696 2756 1795 2784 meo
1820 2744 1927 2783 unxi
1949 2754 2070 2785 eum:
2102 2756 2255 2784 manus
2287 2747 2596 2784 Ps.LXXXV11L

176 2815 291 2856 enim
313 2827 409 2855 mea
430 2814 710 2855 auxiliabitur
731 2815 784 2866 ei,
817 2818 860 2855 et
880 2814 1106 2858 brachium
1129 2828 1275 2856 meum
1298 2815 1559 2856 confortabit
1580 2829 1702 2857 eum:
1736 2819 1784 2856 ut
1806 2816 1928 2856 cuius
1952 2829 2129 2856 causam
2154 2829 2254 2856 con-

175 2887 375 2941 flagranti
399 2887 541 2928 studio
565 2887 758 2928 elaborat
781 2887 1039 2929 christianae
1058 2888 1314 2929 clementiae
1341 2892 1514 2929 vestrae
1536 2889 1756 2943 piissimus
1772 2889 2043 2942 principatus
2069 2887 2254 2939 efficere,

175 2961 532 3001 remunerationis
555 2961 696 3014 gratia
727 2973 874 3001 omnes
893 2965 1017 3001 actus
1038 2961 1263 3002 fortissimi
1280 2975 1429 3002 eorum
1446 2962 1615 3015 imperii
1628 2961 1742 3002 filius
1775 2964 1817 3002 et
1846 2962 2077 3014 Prosperes
2108 2960 2253 3013 faciat,

178 3033 312 3086 quiin
324 3032 412 3073 suis
429 3033 562 3073 sacris
579 3032 817 3087 evangeliis
829 3034 1090 3086 repromittit
1108 3034 1310 3087 inquiens
1328 3048 1339 3076 :
1375 3034 1579 3085 Quaerite
1595 3035 1781 3087 primum
1798 3046 1981 3087 regnum
1993 3033 2076 3074 Dei
2094 3036 2136 3073 et
2146 3032 2256 3074 haec
2340 3037 2465 3075 Matth.
2487 3039 2547 3074 VI.

178 3105 321 3145 omnia
351 3104 609 3145 adiicientur
639 3105 808 3157 vobis„
872 3104 1044 3154 Quibus
1078 3103 1117 3149 1.
1150 3106 1321 3160 imperii
1351 3106 1449 3147 finis
1472 3106 1719 3147 declaratur
1750 3119 1844 3147 esse
1866 3107 2131 3159 praesidium
2152 3106 2255 3148 fidei

179 3177 462 3220 christianae:
494 3178 596 3218 hinc
627 3177 669 3222 2.
702 3179 892 3219 officium
913 3193 1008 3221 esse
1028 3180 1250 3234 principis,
1273 3179 1319 3220 in
1343 3193 1421 3221 suo
1443 3180 1626 3233 imperio
1658 3179 1786 3220 fidem
1808 3179 1922 3219 tueri
1940 3179 2252 3223 orthodoxamt

176 3254 268 3291 tum
298 3248 341 3294 3.
373 3251 564 3292 iustitiae
597 3264 745 3293 curam
774 3252 960 3306 primam
990 3254 1035 3293 in
1068 3266 1118 3294 eo
1152 3253 1378 3305 collocari,
1421 3256 1470 3293 ut
1501 3266 1526 3292 a
1560 3251 1732 3293 Christo
1781 3256 1824 3293 et
1854 3252 1909 3293 ab
1942 3251 2130 3293 ccclesia
2160 3252 2253 3293 eius

177 3325 314 3364 omnis
346 3324 588 3378 depellatur
617 3325 791 3366 iniuria.
851 3325 986 3379 Atqui
1027 3329 1076 3367 ut
1120 3325 1284 3366 ibidem
1329 3328 1395 3365 est
1435 3338 1478 3377 p.
1531 3322 1659 3367 1075.
1715 3328 1758 3364 et
1794 3338 1837 3378 p.
1886 3322 2013 3367 1115,
2057 3325 2087 3364 ii
2129 3328 2254 3366 erant

182 3396 394 3449 „piissimi
423 3396 704 3450 imperatores
738 3397 1049 3440 Constantinus
1081 3399 1240 3450 maior,
1275 3398 1506 3439 Heraclius
1538 3400 1582 3438 et
1611 3397 1813 3437 Tiberius
1845 3396 2052 3451 Augusti,
2094 3397 2251 3451 quibus
2294 3401 2462 3453 Imperat,
2504 3412 2584 3435 rom.

177 3467 260 3508 hoc
290 3471 404 3509 esset
433 3471 727 3523 propositum,
760 3470 876 3524 quod
905 3471 962 3511 ad
992 3471 1272 3512 stabilitatem
1304 3470 1511 3510 divinitus
1553 3470 1808 3511 commissae
1838 3469 2105 3523 reipublicae
2138 3470 2249 3511 chri·
2372 3448 2498 3482 ‘mem'

178 3540 345 3582 stianae
377 3541 469 3582 eius
501 3542 718 3583 concessit
748 3543 955 3597 dignatio,
986 3547 1035 3584 ut
1063 3543 1301 3596 imperialis
1333 3542 1470 3582 virtus
1502 3545 1634 3595 atque
1665 3542 1894 3583 clementia
1925 3543 1977 3584 de
2006 3543 2127 3595 Deo,
2172 3555 2251 3597 per

178 3626 306 3666 quem
336 3627 461 3667 reges
492 3604 688 3668 regnant,
721 3617 796 3670 qui
835 3630 913 3658 rex
954 3630 1106 3671 regum
1159 3620 1201 3657 et
1237 3615 1438 3656 dominus
1479 3613 1794 3656 dominantium
1834 3618 1914 3667 est,
1956 3618 1999 3656 et
2041 3618 2162 3656 curet
2207 3618 2253 3656 et

180 3690 358 3738 quaerat
389 3688 481 3728 eius
512 3688 818 3730 immaculatae
849 3690 951 3731 fidei
981 3690 1231 3739 veritatem,
1280 3691 1327 3728 ut
1367 3687 1422 3728 ab
1455 3686 1676 3740 Apostolis
1722 3690 1854 3740 atque
1884 3687 2136 3742 apostolicis
2184 3691 2250 3729 est

178 3758 376 3811 patribus
407 3759 578 3811 tradita,
610 3760 828 3814 inquirere
861 3761 1109 3814 vigilanter,
1142 3764 1287 3813 atque,
1307 3762 1355 3799 ut
1378 3747 1482 3799 vera
1503 3758 1678 3800 traditio
1701 3760 1906 3812 continet,
1936 3760 2249 3804 instantissime

181 3829 399 3872 desideret
427 3831 472 3871 in
505 3832 703 3873 omnibus
736 3833 930 3874 ecclesiis
962 3832 1201 3884 obtinere„
1265 3831 1391 3882 Quod
1420 3831 1595 3885 quidem
1637 3845 1771 3887 quum
1800 3833 1881 3874 sibi
1912 3833 2094 3888 piissimi
2130 3837 2246 3889 prin-

179 3902 296 3955 cipes
327 3902 391 3944 illi
421 3907 726 3958 proponerent,
758 3903 954 3957 vestigiis
986 3903 1273 3945 inhaerebant
1302 3904 1600 3947 Valentiniani
1646 3909 1689 3947 et
1725 3905 1940 3949 Marciani
1968 3906 2025 3949 ad
2053 3907 2249 3952 Leonem

1904 3990 1960 4036 18
