<?xml version="1.0" encoding="UTF-8"?>
<!DOCTYPE html PUBLIC "-//W3C//DTD XHTML 1.0 Transitional//EN"
    "http://www.w3.org/TR/xhtml1/DTD/xhtml1-transitional.dtd">
<html xmlns="http://www.w3.org/1999/xhtml" xml:lang="en" lang="en">
 <head>
  <title>
</title>
<meta http-equiv="Content-Type" content="text/html;charset=utf-8" />
  <meta name='ocr-system' content='tesseract 3.04.00' />
  <meta name='ocr-capabilities' content='ocr_page ocr_carea ocr_par ocr_line ocrx_word'/>
</head>
<body>
  <div class='ocr_page' id='page_1' title='image "a607958700schruoft_0144.png"; bbox 0 0 2716 4446; ppageno 0'>
   <div class='ocr_carea' id='block_1_1' title="bbox 1347 148 1745 206">
    <p class='ocr_par' dir='ltr' id='par_1_1' title="bbox 1347 148 1745 206">
     <span class='ocr_line' id='line_1_1' title="bbox 1347 148 1745 206; baseline -0.005 0"><span class='ocrx_word' id='word_1_1' title='bbox 1347 148 1745 206; x_wconf 74' lang='lat'><strong>-126—</strong></span> 
     </span>
    </p>
   </div>
   <div class='ocr_carea' id='block_1_2' title="bbox 511 304 2716 376">
    <p class='ocr_par' dir='ltr' id='par_1_2' title="bbox 511 304 2716 376">
     <span class='ocr_line' id='line_1_2' title="bbox 511 304 2716 376; baseline 0.001 -17"><span class='ocrx_word' id='word_1_2' title='bbox 511 308 839 376; x_wconf 88' lang='lat' dir='ltr'>expletaque</span> <span class='ocrx_word' id='word_1_3' title='bbox 881 311 990 372; x_wconf 88' lang='lat' dir='ltr'>est,</span> <span class='ocrx_word' id='word_1_4' title='bbox 1029 306 1403 359; x_wconf 82' lang='lat' dir='ltr'>immutabilem</span> <span class='ocrx_word' id='word_1_5' title='bbox 1444 321 1608 374; x_wconf 87' lang='lat' dir='ltr'>porro</span> <span class='ocrx_word' id='word_1_6' title='bbox 1648 307 1912 359; x_wconf 89' lang='lat' dir='ltr'>ecclesiae</span> <span class='ocrx_word' id='word_1_7' title='bbox 1953 304 2262 374; x_wconf 80' lang='grc' dir='ltr'><strong><em>οἰκονομίαν</em></strong></span> <span class='ocrx_word' id='word_1_8' title='bbox 2294 325 2360 362; x_wconf 87' lang='lat' dir='ltr'>ac</span> <span class='ocrx_word' id='word_1_9' title='bbox 2397 311 2594 363; x_wconf 72' lang='lat' dir='ltr'>consti·-</span> <span class='ocrx_word' id='word_1_10' title='bbox 2652 305 2716 360; x_wconf 74' lang='grc'>’.’</span> 
     </span>
    </p>
   </div>
   <div class='ocr_carea' id='block_1_3' title="bbox 506 398 2600 1010">
    <p class='ocr_par' dir='ltr' id='par_1_3' title="bbox 506 398 2600 1010">
     <span class='ocr_line' id='line_1_3' title="bbox 518 398 2592 469; baseline 0.002 -19"><span class='ocrx_word' id='word_1_11' title='bbox 518 401 773 451; x_wconf 87' lang='lat' dir='ltr'>tutionem</span> <span class='ocrx_word' id='word_1_12' title='bbox 812 399 1068 466; x_wconf 82' lang='lat' dir='ltr'>perfecit,</span> <span class='ocrx_word' id='word_1_13' title='bbox 1119 406 1171 450; x_wconf 90' lang='lat' dir='ltr'>et</span> <span class='ocrx_word' id='word_1_14' title='bbox 1210 399 1309 450; x_wconf 91' lang='lat' dir='ltr'>sita</span> <span class='ocrx_word' id='word_1_15' title='bbox 1336 404 1431 450; x_wconf 88' lang='lat' dir='ltr'>&#39;est</span> <span class='ocrx_word' id='word_1_16' title='bbox 1469 399 1519 449; x_wconf 92' lang='lat' dir='ltr'>in</span> <span class='ocrx_word' id='word_1_17' title='bbox 1560 399 1704 451; x_wconf 90' lang='lat' dir='ltr'>facto</span> <span class='ocrx_word' id='word_1_18' title='bbox 1743 398 1916 466; x_wconf 90' lang='lat' dir='ltr'>Petri,</span> <span class='ocrx_word' id='word_1_19' title='bbox 1969 417 2072 467; x_wconf 93' lang='lat' dir='ltr'>quo</span> <span class='ocrx_word' id='word_1_20' title='bbox 2111 417 2261 453; x_wconf 89' lang='lat' dir='ltr'>suum</span> <span class='ocrx_word' id='word_1_21' title='bbox 2311 402 2592 469; x_wconf 87' lang='lat' dir='ltr'>primatum</span> 
     </span>
     <span class='ocr_line' id='line_1_4' title="bbox 511 491 2590 563; baseline 0.002 -20"><span class='ocrx_word' id='word_1_22' title='bbox 511 509 625 544; x_wconf 80' lang='lat' dir='ltr'>cuni</span> <span class='ocrx_word' id='word_1_23' title='bbox 680 506 899 543; x_wconf 90' lang='lat' dir='ltr'>romana</span> <span class='ocrx_word' id='word_1_24' title='bbox 946 491 1202 543; x_wconf 74' lang='lat' dir='ltr'>cathedra</span> <span class='ocrx_word' id='word_1_25' title='bbox 1258 491 1476 541; x_wconf 80' lang='lat' dir='ltr'><strong>vincivit</strong></span> <span class='ocrx_word' id='word_1_26' title='bbox 1526 491 1803 558; x_wconf 90' lang='lat' dir='ltr'>ipsumque</span> <span class='ocrx_word' id='word_1_27' title='bbox 1859 493 2127 545; x_wconf 91' lang='lat' dir='ltr'>vinculum</span> <span class='ocrx_word' id='word_1_28' title='bbox 2178 509 2275 546; x_wconf 85' lang='lat' dir='ltr'>suo</span> <span class='ocrx_word' id='word_1_29' title='bbox 2329 495 2590 563; x_wconf 83' lang='lat' dir='ltr'>sanguine</span> 
     </span>
     <span class='ocr_line' id='line_1_5' title="bbox 510 572 2600 654; baseline 0.002 -17"><span class='ocrx_word' id='word_1_30' title='bbox 510 585 758 637; x_wconf 90' lang='lat' dir='ltr'>sacravit.</span> <span class='ocrx_word' id='word_1_31' title='bbox 834 584 1111 635; x_wconf 85' lang='lat' dir='ltr'><strong>Posterior</strong></span> <span class='ocrx_word' id='word_1_32' title='bbox 1157 590 1333 635; x_wconf 89' lang='lat' dir='ltr'>autem</span> <span class='ocrx_word' id='word_1_33' title='bbox 1392 584 1627 636; x_wconf 88' lang='lat' dir='ltr'>conditio</span> <span class='ocrx_word' id='word_1_34' title='bbox 1681 585 1817 638; x_wconf 90' lang='lat' dir='ltr'>haec</span> <span class='ocrx_word' id='word_1_35' title='bbox 1871 587 2116 639; x_wconf 91' lang='lat' dir='ltr'>iteranda</span> <span class='ocrx_word' id='word_1_36' title='bbox 2173 572 2436 654; x_wconf 87' lang='lat' dir='ltr'>totiesque</span> <span class='ocrx_word' id='word_1_37' title='bbox 2493 605 2600 641; x_wconf 16' lang='lat' dir='ltr'>ex-,y</span> 
     </span>
     <span class='ocr_line' id='line_1_6' title="bbox 508 676 2590 747; baseline 0.002 -18"><span class='ocrx_word' id='word_1_38' title='bbox 508 678 706 746; x_wconf 92' lang='lat' dir='ltr'>plenda</span> <span class='ocrx_word' id='word_1_39' title='bbox 745 683 850 743; x_wconf 90' lang='lat' dir='ltr'>est,</span> <span class='ocrx_word' id='word_1_40' title='bbox 893 677 1100 743; x_wconf 90' lang='lat' dir='ltr'>quoties</span> <span class='ocrx_word' id='word_1_41' title='bbox 1140 676 1408 728; x_wconf 83' lang='lat' dir='ltr'>decessori</span> <span class='ocrx_word' id='word_1_42' title='bbox 1452 677 1587 729; x_wconf 90' lang='lat' dir='ltr'>alius</span> <span class='ocrx_word' id='word_1_43' title='bbox 1627 679 1915 747; x_wconf 89' lang='lat' dir='ltr'>episcopus</span> <span class='ocrx_word' id='word_1_44' title='bbox 1955 680 2140 746; x_wconf 82' lang='lat' dir='ltr'>gregis</span> <span class='ocrx_word' id='word_1_45' title='bbox 2189 681 2392 732; x_wconf 89' lang='lat' dir='ltr'>romani</span> <span class='ocrx_word' id='word_1_46' title='bbox 2440 680 2590 734; x_wconf 85' lang='lat' dir='ltr'>suffi-</span> 
     </span>
     <span class='ocr_line' id='line_1_7' title="bbox 509 752 2591 841; baseline 0.001 -18"><span class='ocrx_word' id='word_1_47' title='bbox 509 771 727 823; x_wconf 93' lang='lat' dir='ltr'>ciendus</span> <span class='ocrx_word' id='word_1_48' title='bbox 777 772 867 841; x_wconf 88' lang='lat' dir='ltr'>sit:</span> <span class='ocrx_word' id='word_1_49' title='bbox 919 769 1127 836; x_wconf 87' lang='lat' dir='ltr'>expleri</span> <span class='ocrx_word' id='word_1_50' title='bbox 1170 783 1333 836; x_wconf 90' lang='lat' dir='ltr'>porro</span> <span class='ocrx_word' id='word_1_51' title='bbox 1395 767 1557 820; x_wconf 91' lang='lat' dir='ltr'>debet</span> <span class='ocrx_word' id='word_1_52' title='bbox 1609 769 1871 821; x_wconf 80' lang='lat' dir='ltr'>electione</span> <span class='ocrx_word' id='word_1_53' title='bbox 1919 752 2203 838; x_wconf 70' lang='lat' dir='ltr'>legitima,</span> <span class='ocrx_word' id='word_1_54' title='bbox 2248 773 2396 825; x_wconf 88' lang='lat' dir='ltr'>cuius</span> <span class='ocrx_word' id='word_1_55' title='bbox 2451 774 2591 826; x_wconf 87' lang='lat' dir='ltr'>ratio</span> 
     </span>
     <span class='ocr_line' id='line_1_8' title="bbox 506 859 2590 938; baseline 0.004 -24"><span class='ocrx_word' id='word_1_56' title='bbox 506 864 660 914; x_wconf 89' lang='lat' dir='ltr'>varia</span> <span class='ocrx_word' id='word_1_57' title='bbox 693 880 762 914; x_wconf 84' lang='lat' dir='ltr'>ex</span> <span class='ocrx_word' id='word_1_58' title='bbox 801 877 923 914; x_wconf 88' lang='lat' dir='ltr'>sese</span> <span class='ocrx_word' id='word_1_59' title='bbox 963 878 1028 915; x_wconf 92' lang='lat' dir='ltr'>ac</span> <span class='ocrx_word' id='word_1_60' title='bbox 1069 863 1346 930; x_wconf 85' lang='lat' dir='ltr'>multiplex</span> <span class='ocrx_word' id='word_1_61' title='bbox 1384 878 1485 932; x_wconf 92' lang='lat' dir='ltr'>pro</span> <span class='ocrx_word' id='word_1_62' title='bbox 1527 863 1897 917; x_wconf 89' lang='lat' dir='ltr'>adiunctorum</span> <span class='ocrx_word' id='word_1_63' title='bbox 1951 866 2262 919; x_wconf 87' lang='lat' dir='ltr'>diversitate</span> <span class='ocrx_word' id='word_1_64' title='bbox 2300 883 2421 921; x_wconf 87' lang='lat' dir='ltr'>esse</span> <span class='ocrx_word' id='word_1_65' title='bbox 2461 859 2590 938; x_wconf 84' lang='lat' dir='ltr'>pos-</span> 
     </span>
     <span class='ocr_line' id='line_1_9' title="bbox 507 958 801 1010; baseline 0.003 -1"><span class='ocrx_word' id='word_1_66' title='bbox 507 959 587 1010; x_wconf 87' lang='lat' dir='ltr'>sit.</span> <span class='ocrx_word' id='word_1_67' title='bbox 664 958 801 1010; x_wconf 87' lang='lat' dir='ltr'>Hinc</span> 
     </span>
    </p>
   </div>
   <div class='ocr_carea' id='block_1_4' title="bbox 506 1085 2648 1902">
    <p class='ocr_par' dir='ltr' id='par_1_4' title="bbox 506 1085 2648 1902">
     <span class='ocr_line' id='line_1_10' title="bbox 650 1085 2606 1157; baseline 0.001 -15"><span class='ocrx_word' id='word_1_68' title='bbox 650 1089 742 1143; x_wconf 90' lang='lat' dir='ltr'>1V.</span> <span class='ocrx_word' id='word_1_69' title='bbox 778 1096 1006 1157; x_wconf 90' lang='lat' dir='ltr'>utraque</span> <span class='ocrx_word' id='word_1_70' title='bbox 1047 1089 1351 1142; x_wconf 83' lang='lat' dir='ltr'>conditione</span> <span class='ocrx_word' id='word_1_71' title='bbox 1391 1089 1562 1140; x_wconf 88' lang='lat' dir='ltr'>altera</span> <span class='ocrx_word' id='word_1_72' title='bbox 1606 1087 1905 1156; x_wconf 90' lang='lat' dir='ltr'>apostolica</span> <span class='ocrx_word' id='word_1_73' title='bbox 1957 1087 2327 1140; x_wconf 89' lang='lat' dir='ltr'>ecclesiastica</span> <span class='ocrx_word' id='word_1_74' title='bbox 2364 1088 2539 1141; x_wconf 84' lang='lat' dir='ltr'>&#39;altera</span> <span class='ocrx_word' id='word_1_75' title='bbox 2571 1085 2606 1157; x_wconf 92' lang='grc'><strong>1</strong></span> 
     </span>
     <span class='ocr_line' id='line_1_11' title="bbox 508 1179 2591 1251; baseline -0 -16"><span class='ocrx_word' id='word_1_76' title='bbox 508 1184 709 1251; x_wconf 85' lang='lat' dir='ltr'>posita,</span> <span class='ocrx_word' id='word_1_77' title='bbox 748 1184 945 1251; x_wconf 84' lang='lat' dir='ltr'>singuli</span> <span class='ocrx_word' id='word_1_78' title='bbox 983 1183 1175 1250; x_wconf 89' lang='lat' dir='ltr'>quique</span> <span class='ocrx_word' id='word_1_79' title='bbox 1219 1181 1421 1233; x_wconf 89' lang='lat' dir='ltr'>romani</span> <span class='ocrx_word' id='word_1_80' title='bbox 1462 1181 1726 1232; x_wconf 86' lang='lat' dir='ltr'>antistites</span> <span class='ocrx_word' id='word_1_81' title='bbox 1765 1198 1795 1231; x_wconf 91' lang='lat' dir='ltr'>a</span> <span class='ocrx_word' id='word_1_82' title='bbox 1832 1179 1969 1231; x_wconf 93' lang='lat' dir='ltr'>Lino</span> <span class='ocrx_word' id='word_1_83' title='bbox 2010 1180 2078 1231; x_wconf 86' lang='lat' dir='ltr'>ad</span> <span class='ocrx_word' id='word_1_84' title='bbox 2117 1180 2265 1232; x_wconf 91' lang='lat' dir='ltr'>Pium</span> <span class='ocrx_word' id='word_1_85' title='bbox 2295 1181 2382 1233; x_wconf 89' lang='lat' dir='ltr'>lX.</span> <span class='ocrx_word' id='word_1_86' title='bbox 2423 1197 2591 1248; x_wconf 87' lang='lat' dir='ltr'>usque</span> 
     </span>
     <span class='ocr_line' id='line_1_12' title="bbox 507 1273 2588 1344; baseline -0.001 -15"><span class='ocrx_word' id='word_1_87' title='bbox 507 1293 571 1329; x_wconf 91' lang='lat' dir='ltr'>ac</span> <span class='ocrx_word' id='word_1_88' title='bbox 611 1277 869 1344; x_wconf 83' lang='lat' dir='ltr'>deinceps</span> <span class='ocrx_word' id='word_1_89' title='bbox 908 1276 1068 1328; x_wconf 91' lang='lat' dir='ltr'>Petro</span> <span class='ocrx_word' id='word_1_90' title='bbox 1124 1291 1436 1328; x_wconf 88' lang='lat' dir='ltr'>successere</span> <span class='ocrx_word' id='word_1_91' title='bbox 1495 1279 1654 1340; x_wconf 87' lang='lat' dir='ltr'>atque</span> <span class='ocrx_word' id='word_1_92' title='bbox 1702 1273 1994 1326; x_wconf 87' lang='lat' dir='ltr'>succedent</span> <span class='ocrx_word' id='word_1_93' title='bbox 2045 1275 2390 1332; x_wconf 77' lang='lat' dir='ltr'>successione</span> <span class='ocrx_word' id='word_1_94' title='bbox 2451 1274 2588 1342; x_wconf 73' lang='lat' dir='ltr'>quae</span> 
     </span>
     <span class='ocr_line' id='line_1_13' title="bbox 506 1368 2588 1437; baseline 0 -16"><span class='ocrx_word' id='word_1_95' title='bbox 506 1377 589 1421; x_wconf 92' lang='lat' dir='ltr'>est</span> <span class='ocrx_word' id='word_1_96' title='bbox 619 1371 760 1437; x_wconf 87' lang='lat' dir='ltr'>juris</span> <span class='ocrx_word' id='word_1_97' title='bbox 799 1370 992 1421; x_wconf 90' lang='lat' dir='ltr'>divini:</span> <span class='ocrx_word' id='word_1_98' title='bbox 1041 1370 1268 1435; x_wconf 88' lang='lat' dir='ltr'>ideoque</span> <span class='ocrx_word' id='word_1_99' title='bbox 1308 1372 1551 1436; x_wconf 88' lang='lat' dir='ltr'>spectato</span> <span class='ocrx_word' id='word_1_100' title='bbox 1591 1368 1892 1433; x_wconf 90' lang='lat' dir='ltr'>adaequate</span> <span class='ocrx_word' id='word_1_101' title='bbox 1933 1368 2289 1425; x_wconf 89' lang='lat' dir='ltr'>successionis</span> <span class='ocrx_word' id='word_1_102' title='bbox 2327 1369 2443 1421; x_wconf 88' lang='lat' dir='ltr'>iure</span> <span class='ocrx_word' id='word_1_103' title='bbox 2481 1384 2588 1435; x_wconf 90' lang='lat' dir='ltr'>quo</span> 
     </span>
     <span class='ocr_line' id='line_1_14' title="bbox 507 1442 2648 1530; baseline -0 -17"><span class='ocrx_word' id='word_1_104' title='bbox 507 1463 703 1530; x_wconf 85' lang='lat' dir='ltr'>singuli</span> <span class='ocrx_word' id='word_1_105' title='bbox 756 1463 1044 1516; x_wconf 89' lang='lat' dir='ltr'>Pontifices</span> <span class='ocrx_word' id='word_1_106' title='bbox 1092 1463 1253 1515; x_wconf 90' lang='lat' dir='ltr'>Petro</span> <span class='ocrx_word' id='word_1_107' title='bbox 1301 1463 1353 1513; x_wconf 91' lang='lat' dir='ltr'>in</span> <span class='ocrx_word' id='word_1_108' title='bbox 1402 1463 1634 1530; x_wconf 85' lang='lat' dir='ltr'>primatu</span> <span class='ocrx_word' id='word_1_109' title='bbox 1683 1460 2015 1525; x_wconf 67' lang='lat' dir='ltr'>succedunt,</span> <span class='ocrx_word' id='word_1_110' title='bbox 2063 1460 2434 1513; x_wconf 90' lang='lat' dir='ltr'>affirmandum</span> <span class='ocrx_word' id='word_1_111' title='bbox 2486 1464 2584 1528; x_wconf 85' lang='lat' dir='ltr'>est,</span> <span class='ocrx_word' id='word_1_112' title='bbox 2645 1442 2648 1444; x_wconf 31' lang='lat'>⁵</span> 
     </span>
     <span class='ocr_line' id='line_1_15' title="bbox 508 1544 2589 1624; baseline -0 -17"><span class='ocrx_word' id='word_1_113' title='bbox 508 1557 589 1616; x_wconf 85' lang='lat' dir='ltr'>ius</span> <span class='ocrx_word' id='word_1_114' title='bbox 615 1556 746 1608; x_wconf 92' lang='lat' dir='ltr'>illud</span> <span class='ocrx_word' id='word_1_115' title='bbox 786 1557 1028 1608; x_wconf 84' lang='lat' dir='ltr'>bifariam</span> <span class='ocrx_word' id='word_1_116' title='bbox 1063 1563 1265 1624; x_wconf 86' lang='lat' dir='ltr'>patere,</span> <span class='ocrx_word' id='word_1_117' title='bbox 1307 1561 1360 1608; x_wconf 91' lang='lat' dir='ltr'>et</span> <span class='ocrx_word' id='word_1_118' title='bbox 1383 1555 1679 1608; x_wconf 85' lang='lat' dir='ltr'>formaliter</span> <span class='ocrx_word' id='word_1_119' title='bbox 1705 1553 1947 1621; x_wconf 91' lang='lat' dir='ltr'>quidem,</span> <span class='ocrx_word' id='word_1_120' title='bbox 1984 1544 2041 1606; x_wconf 89' lang='lat' dir='ltr'>ut</span> <span class='ocrx_word' id='word_1_121' title='bbox 2068 1555 2238 1620; x_wconf 90' lang='lat' dir='ltr'>aiunt,</span> <span class='ocrx_word' id='word_1_122' title='bbox 2279 1553 2589 1607; x_wconf 87' lang='lat' dir='ltr'>considera-</span> 
     </span>
     <span class='ocr_line' id='line_1_16' title="bbox 509 1639 2588 1717; baseline -0.001 -17"><span class='ocrx_word' id='word_1_123' title='bbox 509 1655 616 1701; x_wconf 91' lang='lat' dir='ltr'>tum</span> <span class='ocrx_word' id='word_1_124' title='bbox 655 1650 814 1717; x_wconf 87' lang='lat' dir='ltr'>plane</span> <span class='ocrx_word' id='word_1_125' title='bbox 854 1665 975 1702; x_wconf 90' lang='lat' dir='ltr'>esse</span> <span class='ocrx_word' id='word_1_126' title='bbox 1014 1650 1271 1716; x_wconf 88' lang='lat' dir='ltr'>divinum,</span> <span class='ocrx_word' id='word_1_127' title='bbox 1312 1649 1704 1702; x_wconf 86' lang='lat' dir='ltr'>consideratum</span> <span class='ocrx_word' id='word_1_128' title='bbox 1746 1662 1877 1698; x_wconf 90' lang='lat' dir='ltr'>vero</span> <span class='ocrx_word' id='word_1_129' title='bbox 1906 1639 2423 1699; x_wconf 49' lang='lat' dir='ltr'>materialiter&#39;idem</span> <span class='ocrx_word' id='word_1_130' title='bbox 2467 1650 2588 1699; x_wconf 78' lang='lat' dir='ltr'>esse</span> 
     </span>
     <span class='ocr_line' id='line_1_17' title="bbox 507 1740 2589 1809; baseline 0 -17"><span class='ocrx_word' id='word_1_131' title='bbox 507 1742 1274 1809; x_wconf 87' lang='lat' dir='ltr'>apostolico-ecclesiasticum.</span> <span class='ocrx_word' id='word_1_132' title='bbox 1350 1741 1505 1795; x_wconf 90' lang='lat' dir='ltr'>Unde</span> <span class='ocrx_word' id='word_1_133' title='bbox 1545 1747 1791 1809; x_wconf 86' lang='lat' dir='ltr'>spectato</span> <span class='ocrx_word' id='word_1_134' title='bbox 1831 1740 1945 1791; x_wconf 91' lang='lat' dir='ltr'>iure</span> <span class='ocrx_word' id='word_1_135' title='bbox 1994 1756 2098 1807; x_wconf 92' lang='lat' dir='ltr'>quo</span> <span class='ocrx_word' id='word_1_136' title='bbox 2137 1741 2328 1793; x_wconf 90' lang='lat' dir='ltr'>Petrus</span> <span class='ocrx_word' id='word_1_137' title='bbox 2376 1747 2430 1794; x_wconf 88' lang='lat' dir='ltr'>et</span> <span class='ocrx_word' id='word_1_138' title='bbox 2484 1756 2589 1807; x_wconf 90' lang='lat' dir='ltr'>quo</span> 
     </span>
     <span class='ocr_line' id='line_1_18' title="bbox 507 1834 2500 1902; baseline -0.001 -16"><span class='ocrx_word' id='word_1_139' title='bbox 507 1836 621 1888; x_wconf 91' lang='lat' dir='ltr'>eius</span> <span class='ocrx_word' id='word_1_140' title='bbox 660 1852 1002 1889; x_wconf 88' lang='lat' dir='ltr'>successores</span> <span class='ocrx_word' id='word_1_141' title='bbox 1041 1838 1093 1888; x_wconf 92' lang='lat' dir='ltr'>in</span> <span class='ocrx_word' id='word_1_142' title='bbox 1133 1836 1391 1889; x_wconf 84' lang='lat' dir='ltr'>cathedra</span> <span class='ocrx_word' id='word_1_143' title='bbox 1429 1851 1651 1889; x_wconf 88' lang='lat' dir='ltr'>romana</span> <span class='ocrx_word' id='word_1_144' title='bbox 1691 1834 1973 1901; x_wconf 91' lang='lat' dir='ltr'>primatum</span> <span class='ocrx_word' id='word_1_145' title='bbox 2016 1839 2197 1885; x_wconf 90' lang='lat' dir='ltr'>tenent</span> <span class='ocrx_word' id='word_1_146' title='bbox 2231 1840 2382 1902; x_wconf 86' lang='lat' dir='ltr'>patet</span> <span class='ocrx_word' id='word_1_147' title='bbox 2430 1864 2442 1870; x_wconf 63' lang='lat'><em>„</em></span> <span class='ocrx_word' id='word_1_148' title='bbox 2497 1868 2500 1869; x_wconf 24' lang='grc' dir='ltr'><em>ν</em></span> 
     </span>
    </p>
   </div>
   <div class='ocr_carea' id='block_1_5' title="bbox 504 1980 2647 3154">
    <p class='ocr_par' dir='ltr' id='par_1_5' title="bbox 504 1980 2647 3154">
     <span class='ocr_line' id='line_1_19' title="bbox 648 1980 2588 2051; baseline 0.001 -19"><span class='ocrx_word' id='word_1_149' title='bbox 648 1980 712 2032; x_wconf 93' lang='lat' dir='ltr'>V.</span> <span class='ocrx_word' id='word_1_150' title='bbox 752 1982 850 2033; x_wconf 91' lang='lat' dir='ltr'>hos</span> <span class='ocrx_word' id='word_1_151' title='bbox 888 1997 1005 2034; x_wconf 92' lang='lat' dir='ltr'>cum</span> <span class='ocrx_word' id='word_1_152' title='bbox 1043 1980 1136 2033; x_wconf 92' lang='lat' dir='ltr'>illo</span> <span class='ocrx_word' id='word_1_153' title='bbox 1177 1982 1469 2034; x_wconf 88' lang='lat' dir='ltr'>convenire</span> <span class='ocrx_word' id='word_1_154' title='bbox 1516 1985 1583 2036; x_wconf 92' lang='lat' dir='ltr'>ab</span> <span class='ocrx_word' id='word_1_155' title='bbox 1623 1998 1796 2050; x_wconf 91' lang='lat' dir='ltr'>eoque</span> <span class='ocrx_word' id='word_1_156' title='bbox 1846 1983 2172 2051; x_wconf 88' lang='lat' dir='ltr'>discrepare.</span> <span class='ocrx_word' id='word_1_157' title='bbox 2251 1981 2588 2036; x_wconf 85' lang='lat' dir='ltr'>Conveniunt</span> 
     </span>
     <span class='ocr_line' id='line_1_20' title="bbox 505 2062 2585 2144; baseline 0.001 -20"><span class='ocrx_word' id='word_1_158' title='bbox 505 2089 849 2127; x_wconf 88' lang='lat' dir='ltr'>successores</span> <span class='ocrx_word' id='word_1_159' title='bbox 886 2091 1003 2128; x_wconf 90' lang='lat' dir='ltr'>cum</span> <span class='ocrx_word' id='word_1_160' title='bbox 1042 2075 1204 2128; x_wconf 88' lang='lat' dir='ltr'>Petro</span> <span class='ocrx_word' id='word_1_161' title='bbox 1255 2080 1499 2142; x_wconf 88' lang='lat' dir='ltr'>spectata</span> <span class='ocrx_word' id='word_1_162' title='bbox 1537 2076 1667 2128; x_wconf 91' lang='lat' dir='ltr'>iuris</span> <span class='ocrx_word' id='word_1_163' title='bbox 1705 2077 1892 2144; x_wconf 86' lang='lat' dir='ltr'>forma,</span> <span class='ocrx_word' id='word_1_164' title='bbox 1942 2094 2099 2144; x_wconf 93' lang='lat' dir='ltr'>quum</span> <span class='ocrx_word' id='word_1_165' title='bbox 2150 2076 2338 2129; x_wconf 90' lang='lat' dir='ltr'>eadem</span> <span class='ocrx_word' id='word_1_166' title='bbox 2388 2062 2585 2128; x_wconf 79' lang='lat' dir='ltr'>Christi</span> 
     </span>
     <span class='ocr_line' id='line_1_21' title="bbox 504 2167 2585 2236; baseline 0.001 -19"><span class='ocrx_word' id='word_1_167' title='bbox 504 2167 782 2219; x_wconf 89' lang='lat' dir='ltr'>voluntate</span> <span class='ocrx_word' id='word_1_168' title='bbox 830 2168 1112 2235; x_wconf 89' lang='lat' dir='ltr'>primatum</span> <span class='ocrx_word' id='word_1_169' title='bbox 1162 2175 1510 2235; x_wconf 82' lang='lat' dir='ltr'>perpetuent,</span> <span class='ocrx_word' id='word_1_170' title='bbox 1566 2185 1671 2236; x_wconf 91' lang='lat' dir='ltr'>qua</span> <span class='ocrx_word' id='word_1_171' title='bbox 1718 2169 1912 2221; x_wconf 87' lang='lat' dir='ltr'>Petrus</span> <span class='ocrx_word' id='word_1_172' title='bbox 1966 2186 2085 2222; x_wconf 91' lang='lat' dir='ltr'>eum</span> <span class='ocrx_word' id='word_1_173' title='bbox 2135 2170 2430 2236; x_wconf 72' lang='lat' dir='ltr'>inchoavit,</span> <span class='ocrx_word' id='word_1_174' title='bbox 2486 2168 2585 2221; x_wconf 83' lang='lat' dir='ltr'>Sed</span> 
     </span>
     <span class='ocr_line' id='line_1_22' title="bbox 506 2260 2586 2331; baseline 0.002 -20"><span class='ocrx_word' id='word_1_175' title='bbox 506 2260 813 2329; x_wconf 88' lang='lat' dir='ltr'>discrepant</span> <span class='ocrx_word' id='word_1_176' title='bbox 852 2264 919 2315; x_wconf 92' lang='lat' dir='ltr'>ab</span> <span class='ocrx_word' id='word_1_177' title='bbox 958 2262 1050 2314; x_wconf 90' lang='lat' dir='ltr'>illo</span> <span class='ocrx_word' id='word_1_178' title='bbox 1091 2268 1335 2330; x_wconf 90' lang='lat' dir='ltr'>spectata</span> <span class='ocrx_word' id='word_1_179' title='bbox 1374 2267 1530 2329; x_wconf 90' lang='lat' dir='ltr'>parte</span> <span class='ocrx_word' id='word_1_180' title='bbox 1561 2262 1690 2314; x_wconf 90' lang='lat' dir='ltr'>iuris</span> <span class='ocrx_word' id='word_1_181' title='bbox 1722 2260 2113 2331; x_wconf 76' lang='lat' dir='ltr'>materializ-1)</span> <span class='ocrx_word' id='word_1_182' title='bbox 2153 2269 2259 2316; x_wconf 89' lang='lat' dir='ltr'>tum</span> <span class='ocrx_word' id='word_1_183' title='bbox 2301 2262 2442 2330; x_wconf 91' lang='lat' dir='ltr'>quod</span> <span class='ocrx_word' id='word_1_184' title='bbox 2481 2263 2586 2315; x_wconf 85' lang='lat' dir='ltr'>Pc-</span> 
     </span>
     <span class='ocr_line' id='line_1_23' title="bbox 506 2354 2647 2437; baseline 0.001 -32"><span class='ocrx_word' id='word_1_185' title='bbox 506 2359 618 2406; x_wconf 91' lang='lat' dir='ltr'>trus</span> <span class='ocrx_word' id='word_1_186' title='bbox 656 2356 722 2407; x_wconf 93' lang='lat' dir='ltr'>ab</span> <span class='ocrx_word' id='word_1_187' title='bbox 762 2355 880 2422; x_wconf 89' lang='lat' dir='ltr'>ipso</span> <span class='ocrx_word' id='word_1_188' title='bbox 919 2354 1143 2407; x_wconf 90' lang='lat' dir='ltr'>Domino</span> <span class='ocrx_word' id='word_1_189' title='bbox 1184 2356 1251 2408; x_wconf 90' lang='lat' dir='ltr'>sit</span> <span class='ocrx_word' id='word_1_190' title='bbox 1286 2355 1491 2409; x_wconf 89' lang='lat' dir='ltr'>electus</span> <span class='ocrx_word' id='word_1_191' title='bbox 1537 2371 1604 2408; x_wconf 90' lang='lat' dir='ltr'>ac</span> <span class='ocrx_word' id='word_1_192' title='bbox 1650 2357 1909 2424; x_wconf 89' lang='lat' dir='ltr'>primatus</span> <span class='ocrx_word' id='word_1_193' title='bbox 1958 2362 2229 2425; x_wconf 83' lang='lat' dir='ltr'>potestate</span> <span class='ocrx_word' id='word_1_194' title='bbox 2276 2357 2586 2424; x_wconf 83' lang='lat' dir='ltr'>insignitus;</span> <span class='ocrx_word' id='word_1_195' title='bbox 2642 2422 2647 2437; x_wconf 32' lang='grc' dir='ltr'><strong><em>ι</em></strong></span> 
     </span>
     <span class='ocr_line' id='line_1_24' title="bbox 505 2447 2585 2518; baseline 0.002 -20"><span class='ocrx_word' id='word_1_196' title='bbox 505 2447 619 2500; x_wconf 92' lang='lat' dir='ltr'>eius</span> <span class='ocrx_word' id='word_1_197' title='bbox 657 2462 791 2499; x_wconf 90' lang='lat' dir='ltr'>vero</span> <span class='ocrx_word' id='word_1_198' title='bbox 831 2463 1175 2501; x_wconf 86' lang='lat' dir='ltr'>successores</span> <span class='ocrx_word' id='word_1_199' title='bbox 1229 2451 1296 2502; x_wconf 92' lang='lat' dir='ltr'>ab</span> <span class='ocrx_word' id='word_1_200' title='bbox 1337 2449 1635 2502; x_wconf 89' lang='lat' dir='ltr'>hominibus</span> <span class='ocrx_word' id='word_1_201' title='bbox 1679 2450 2026 2518; x_wconf 83' lang='lat' dir='ltr'>designentur</span> <span class='ocrx_word' id='word_1_202' title='bbox 2064 2450 2341 2503; x_wconf 83' lang='lat' dir='ltr'>dumtaxat</span> <span class='ocrx_word' id='word_1_203' title='bbox 2387 2450 2457 2502; x_wconf 91' lang='lat' dir='ltr'>ad</span> <span class='ocrx_word' id='word_1_204' title='bbox 2494 2464 2585 2502; x_wconf 90' lang='lat' dir='ltr'>ro-</span> 
     </span>
     <span class='ocr_line' id='line_1_25' title="bbox 508 2538 2582 2611; baseline 0.001 -20"><span class='ocrx_word' id='word_1_205' title='bbox 508 2556 716 2593; x_wconf 91' lang='lat' dir='ltr'>manam</span> <span class='ocrx_word' id='word_1_206' title='bbox 755 2542 1065 2594; x_wconf 90' lang='lat' dir='ltr'>cathedram</span> <span class='ocrx_word' id='word_1_207' title='bbox 1104 2543 1391 2611; x_wconf 82' lang='lat' dir='ltr'>primatuS,</span> <span class='ocrx_word' id='word_1_208' title='bbox 1453 2558 1558 2609; x_wconf 91' lang='lat' dir='ltr'>quo</span> <span class='ocrx_word' id='word_1_209' title='bbox 1610 2558 1776 2611; x_wconf 89' lang='lat' dir='ltr'>porro</span> <span class='ocrx_word' id='word_1_210' title='bbox 1817 2543 2069 2594; x_wconf 92' lang='lat' dir='ltr'>divinitus</span> <span class='ocrx_word' id='word_1_211' title='bbox 2119 2549 2416 2610; x_wconf 82' lang='lat' dir='ltr'>augentur:</span> <span class='ocrx_word' id='word_1_212' title='bbox 2472 2538 2582 2595; x_wconf 87' lang='lat' dir='ltr'>tum</span> 
     </span>
     <span class='ocr_line' id='line_1_26' title="bbox 507 2632 2579 2704; baseline -0.001 -16"><span class='ocrx_word' id='word_1_213' title='bbox 507 2632 570 2702; x_wconf 77' lang='lat'>2)</span> <span class='ocrx_word' id='word_1_214' title='bbox 611 2634 753 2702; x_wconf 90' lang='lat' dir='ltr'>quod</span> <span class='ocrx_word' id='word_1_215' title='bbox 791 2635 986 2688; x_wconf 90' lang='lat' dir='ltr'>Petrus</span> <span class='ocrx_word' id='word_1_216' title='bbox 1020 2635 1179 2688; x_wconf 90' lang='lat' dir='ltr'>fuerit</span> <span class='ocrx_word' id='word_1_217' title='bbox 1219 2636 1337 2703; x_wconf 89' lang='lat' dir='ltr'>ipse</span> <span class='ocrx_word' id='word_1_218' title='bbox 1374 2635 1666 2687; x_wconf 91' lang='lat' dir='ltr'>cathedrae</span> <span class='ocrx_word' id='word_1_219' title='bbox 1705 2636 2017 2704; x_wconf 89' lang='lat' dir='ltr'>principalis</span> <span class='ocrx_word' id='word_1_220' title='bbox 2044 2635 2296 2688; x_wconf 90' lang='lat' dir='ltr'>fundator</span> <span class='ocrx_word' id='word_1_221' title='bbox 2319 2635 2579 2688; x_wconf 87' lang='lat' dir='ltr'>neminem</span> 
     </span>
     <span class='ocr_line' id='line_1_27' title="bbox 505 2721 2583 2796; baseline -0 -17"><span class='ocrx_word' id='word_1_222' title='bbox 505 2744 759 2795; x_wconf 84' lang='lat' dir='ltr'>sequenS,</span> <span class='ocrx_word' id='word_1_223' title='bbox 818 2729 1011 2796; x_wconf 91' lang='lat' dir='ltr'>reliqui</span> <span class='ocrx_word' id='word_1_224' title='bbox 1062 2744 1195 2781; x_wconf 91' lang='lat' dir='ltr'>vero</span> <span class='ocrx_word' id='word_1_225' title='bbox 1248 2728 1319 2780; x_wconf 91' lang='lat' dir='ltr'>ad</span> <span class='ocrx_word' id='word_1_226' title='bbox 1376 2727 1534 2780; x_wconf 89' lang='lat' dir='ltr'>finem</span> <span class='ocrx_word' id='word_1_227' title='bbox 1587 2721 1752 2796; x_wconf 88' lang='lat' dir='ltr'>usque</span> <span class='ocrx_word' id='word_1_228' title='bbox 1802 2729 2000 2781; x_wconf 89' lang='lat' dir='ltr'>saeculi</span> <span class='ocrx_word' id='word_1_229' title='bbox 2063 2734 2355 2796; x_wconf 87' lang='lat' dir='ltr'>sequantur</span> <span class='ocrx_word' id='word_1_230' title='bbox 2393 2742 2583 2780; x_wconf 74' lang='lat' dir='ltr'>&#39;omnes</span> 
     </span>
     <span class='ocr_line' id='line_1_28' title="bbox 507 2803 2634 2892; baseline -0.001 -18"><span class='ocrx_word' id='word_1_231' title='bbox 507 2822 716 2888; x_wconf 91' lang='lat' dir='ltr'>quidem</span> <span class='ocrx_word' id='word_1_232' title='bbox 755 2823 942 2875; x_wconf 88' lang='lat' dir='ltr'>maiori</span> <span class='ocrx_word' id='word_1_233' title='bbox 979 2803 1238 2874; x_wconf 87' lang='lat' dir='ltr'>minorive</span> <span class='ocrx_word' id='word_1_234' title='bbox 1277 2822 1563 2875; x_wconf 85' lang='lat' dir='ltr'>intervallo</span> <span class='ocrx_word' id='word_1_235' title='bbox 1596 2823 1889 2892; x_wconf 88' lang='lat' dir='ltr'>principem</span> <span class='ocrx_word' id='word_1_236' title='bbox 1930 2822 2177 2889; x_wconf 89' lang='lat' dir='ltr'>Petrum,</span> <span class='ocrx_word' id='word_1_237' title='bbox 2216 2837 2372 2874; x_wconf 87' lang='lat' dir='ltr'>nemo</span> <span class='ocrx_word' id='word_1_238' title='bbox 2404 2828 2583 2874; x_wconf 89' lang='lat' dir='ltr'>tamen</span> <span class='ocrx_word' id='word_1_239' title='bbox 2630 2868 2634 2871; x_wconf 84' lang='grc'><em>,</em></span> 
     </span>
     <span class='ocr_line' id='line_1_29' title="bbox 505 2902 2582 2984; baseline -0.001 -16"><span class='ocrx_word' id='word_1_240' title='bbox 505 2916 649 2968; x_wconf 92' lang='lat' dir='ltr'>illum</span> <span class='ocrx_word' id='word_1_241' title='bbox 688 2923 942 2984; x_wconf 89' lang='lat' dir='ltr'>sequatur</span> <span class='ocrx_word' id='word_1_242' title='bbox 994 2932 1169 2983; x_wconf 90' lang='lat' dir='ltr'>neque</span> <span class='ocrx_word' id='word_1_243' title='bbox 1214 2902 1367 2982; x_wconf 77' lang='lat' dir='ltr'>sequi</span> <span class='ocrx_word' id='word_1_244' title='bbox 1415 2932 1533 2967; x_wconf 92' lang='lat' dir='ltr'>eum</span> <span class='ocrx_word' id='word_1_245' title='bbox 1581 2917 1750 2984; x_wconf 88' lang='lat' dir='ltr'>possit</span> <span class='ocrx_word' id='word_1_246' title='bbox 1804 2917 1857 2967; x_wconf 90' lang='lat' dir='ltr'>in</span> <span class='ocrx_word' id='word_1_247' title='bbox 1908 2916 2014 2967; x_wconf 91' lang='lat' dir='ltr'>alia</span> <span class='ocrx_word' id='word_1_248' title='bbox 2061 2902 2322 2967; x_wconf 87' lang='lat' dir='ltr'>cathedra</span> <span class='ocrx_word' id='word_1_249' title='bbox 2369 2917 2437 2967; x_wconf 91' lang='lat' dir='ltr'>ab</span> <span class='ocrx_word' id='word_1_250' title='bbox 2475 2914 2582 2980; x_wconf 88' lang='lat' dir='ltr'>illa,</span> 
     </span>
     <span class='ocr_line' id='line_1_30' title="bbox 506 3004 2581 3120; baseline -0.003 -59"><span class='ocrx_word' id='word_1_251' title='bbox 506 3014 642 3091; x_wconf 81' lang='lat' dir='ltr'>quae</span> <span class='ocrx_word' id='word_1_252' title='bbox 680 3010 835 3076; x_wconf 90' lang='lat' dir='ltr'>primi</span> <span class='ocrx_word' id='word_1_253' title='bbox 874 3009 1043 3076; x_wconf 85' lang='lat' dir='ltr'>illius,</span> <span class='ocrx_word' id='word_1_254' title='bbox 1097 3007 1246 3060; x_wconf 90' lang='lat' dir='ltr'>Petri</span> <span class='ocrx_word' id='word_1_255' title='bbox 1284 3008 1514 3120; x_wconf 88' lang='lat' dir='ltr'>inquam,</span> <span class='ocrx_word' id='word_1_256' title='bbox 1554 3009 1796 3060; x_wconf 90' lang='lat' dir='ltr'>sessione</span> <span class='ocrx_word' id='word_1_257' title='bbox 1835 3006 1945 3059; x_wconf 89' lang='lat' dir='ltr'>fixa</span> <span class='ocrx_word' id='word_1_258' title='bbox 1983 3007 2442 3072; x_wconf 84' lang='lat' dir='ltr'>determinataque</span> <span class='ocrx_word' id='word_1_259' title='bbox 2467 3004 2581 3057; x_wconf 86' lang='lat' dir='ltr'>fuit.</span> 
     </span>
     <span class='ocr_line' id='line_1_31' title="bbox 506 3086 872 3154; baseline 0.003 -1"><span class='ocrx_word' id='word_1_260' title='bbox 506 3086 617 3154; x_wconf 88' lang='lat' dir='ltr'>Sed</span> <span class='ocrx_word' id='word_1_261' title='bbox 657 3102 872 3154; x_wconf 88' lang='lat' dir='ltr'>tandem</span> 
     </span>
    </p>
   </div>
   <div class='ocr_carea' id='block_1_6' title="bbox 507 3225 2612 3673">
    <p class='ocr_par' dir='ltr' id='par_1_6' title="bbox 507 3225 2612 3673">
     <span class='ocr_line' id='line_1_32' title="bbox 650 3225 2580 3299; baseline -0.005 -14"><span class='ocrx_word' id='word_1_262' title='bbox 650 3233 739 3285; x_wconf 91' lang='lat' dir='ltr'>VI.</span> <span class='ocrx_word' id='word_1_263' title='bbox 790 3249 948 3299; x_wconf 92' lang='lat' dir='ltr'>quum</span> <span class='ocrx_word' id='word_1_264' title='bbox 998 3231 1216 3284; x_wconf 89' lang='lat' dir='ltr'>alterius</span> <span class='ocrx_word' id='word_1_265' title='bbox 1271 3244 1554 3283; x_wconf 89' lang='lat' dir='ltr'>successor</span> <span class='ocrx_word' id='word_1_266' title='bbox 1601 3228 1647 3278; x_wconf 92' lang='lat' dir='ltr'>is</span> <span class='ocrx_word' id='word_1_267' title='bbox 1703 3243 1833 3278; x_wconf 91' lang='lat' dir='ltr'>vere</span> <span class='ocrx_word' id='word_1_268' title='bbox 1890 3226 2216 3294; x_wconf 90' lang='lat' dir='ltr'>proprieque</span> <span class='ocrx_word' id='word_1_269' title='bbox 2263 3225 2469 3278; x_wconf 91' lang='lat' dir='ltr'>dicatur</span> <span class='ocrx_word' id='word_1_270' title='bbox 2526 3231 2580 3277; x_wconf 87' lang='lat' dir='ltr'>et</span> 
     </span>
     <span class='ocr_line' id='line_1_33' title="bbox 507 3317 2578 3395; baseline -0.005 -17"><span class='ocrx_word' id='word_1_271' title='bbox 507 3328 588 3394; x_wconf 91' lang='lat' dir='ltr'>sit,</span> <span class='ocrx_word' id='word_1_272' title='bbox 629 3329 716 3394; x_wconf 91' lang='lat' dir='ltr'>qui</span> <span class='ocrx_word' id='word_1_273' title='bbox 753 3328 806 3378; x_wconf 92' lang='lat' dir='ltr'>in</span> <span class='ocrx_word' id='word_1_274' title='bbox 837 3328 979 3380; x_wconf 87' lang='lat' dir='ltr'>illius</span> <span class='ocrx_word' id='word_1_275' title='bbox 1018 3325 1360 3379; x_wconf 88' lang='lat' dir='ltr'>ministerium</span> <span class='ocrx_word' id='word_1_276' title='bbox 1403 3339 1467 3376; x_wconf 86' lang='lat' dir='ltr'>ac</span> <span class='ocrx_word' id='word_1_277' title='bbox 1504 3338 1694 3373; x_wconf 88' lang='lat' dir='ltr'>munus</span> <span class='ocrx_word' id='word_1_278' title='bbox 1733 3320 1969 3387; x_wconf 83' lang='lat' dir='ltr'>legitime</span> <span class='ocrx_word' id='word_1_279' title='bbox 2007 3319 2287 3395; x_wconf 25' lang='lat' dir='ltr'>suffici-tur,</span> <span class='ocrx_word' id='word_1_280' title='bbox 2325 3318 2449 3370; x_wconf 87' lang='lat' dir='ltr'>hinc</span> <span class='ocrx_word' id='word_1_281' title='bbox 2485 3317 2578 3369; x_wconf 92' lang='lat' dir='ltr'>iis-</span> 
     </span>
     <span class='ocr_line' id='line_1_34' title="bbox 507 3409 2578 3483; baseline -0.004 -13"><span class='ocrx_word' id='word_1_282' title='bbox 507 3419 627 3470; x_wconf 91' lang='lat' dir='ltr'>dem</span> <span class='ocrx_word' id='word_1_283' title='bbox 666 3420 937 3472; x_wconf 88' lang='lat' dir='ltr'>excellens</span> <span class='ocrx_word' id='word_1_284' title='bbox 980 3416 1182 3472; x_wconf 92' lang='lat' dir='ltr'>iuribus</span> <span class='ocrx_word' id='word_1_285' title='bbox 1235 3417 1529 3483; x_wconf 88' lang='lat' dir='ltr'>eademque</span> <span class='ocrx_word' id='word_1_286' title='bbox 1584 3415 1805 3480; x_wconf 82' lang='lat' dir='ltr'>insignis</span> <span class='ocrx_word' id='word_1_287' title='bbox 1857 3419 2156 3480; x_wconf 85' lang='lat' dir='ltr'>potestate,</span> <span class='ocrx_word' id='word_1_288' title='bbox 2218 3410 2341 3465; x_wconf 88' lang='lat' dir='ltr'>inde</span> <span class='ocrx_word' id='word_1_289' title='bbox 2387 3409 2578 3462; x_wconf 87' lang='lat' dir='ltr'>iisdem</span> 
     </span>
     <span class='ocr_line' id='line_1_35' title="bbox 508 3502 2578 3576; baseline -0.005 -13"><span class='ocrx_word' id='word_1_290' title='bbox 508 3511 791 3564; x_wconf 89' lang='lat' dir='ltr'>adstrictus</span> <span class='ocrx_word' id='word_1_291' title='bbox 843 3513 1069 3565; x_wconf 90' lang='lat' dir='ltr'>vinculis</span> <span class='ocrx_word' id='word_1_292' title='bbox 1119 3510 1415 3576; x_wconf 86' lang='lat' dir='ltr'>eodemque</span> <span class='ocrx_word' id='word_1_293' title='bbox 1466 3507 1734 3574; x_wconf 79' lang='lat' dir='ltr'>obligatus</span> <span class='ocrx_word' id='word_1_294' title='bbox 1783 3505 1986 3558; x_wconf 84' lang='lat' dir='ltr'>officio:</span> <span class='ocrx_word' id='word_1_295' title='bbox 2045 3505 2460 3572; x_wconf 88' lang='lat' dir='ltr'>quotiescunque</span> <span class='ocrx_word' id='word_1_296' title='bbox 2509 3502 2578 3554; x_wconf 86' lang='lat' dir='ltr'>de</span> 
     </span>
     <span class='ocr_line' id='line_1_36' title="bbox 507 3596 2612 3673; baseline -0.004 -19"><span class='ocrx_word' id='word_1_297' title='bbox 507 3605 710 3657; x_wconf 90' lang='lat' dir='ltr'>romani</span> <span class='ocrx_word' id='word_1_298' title='bbox 746 3604 988 3673; x_wconf 87' lang='lat' dir='ltr'>episcopi</span> <span class='ocrx_word' id='word_1_299' title='bbox 1041 3604 1382 3657; x_wconf 89' lang='lat' dir='ltr'>successione</span> <span class='ocrx_word' id='word_1_300' title='bbox 1429 3600 1668 3667; x_wconf 85' lang='lat' dir='ltr'>legitima</span> <span class='ocrx_word' id='word_1_301' title='bbox 1722 3604 1932 3652; x_wconf 86' lang='lat' dir='ltr'>constet</span> <span class='ocrx_word' id='word_1_302' title='bbox 1980 3603 2173 3666; x_wconf 88' lang='lat' dir='ltr'>sponte</span> <span class='ocrx_word' id='word_1_303' title='bbox 2218 3596 2575 3662; x_wconf 85' lang='lat' dir='ltr'>consequitur,</span> <span class='ocrx_word' id='word_1_304' title='bbox 2599 3648 2612 3667; x_wconf 42' lang='lat' dir='ltr'><em>f</em></span> 
     </span>
    </p>
   </div>
   <div class='ocr_carea' id='block_1_7' title="bbox 507 3855 2576 3995">
    <p class='ocr_par' dir='ltr' id='par_1_7' title="bbox 507 3855 2576 3995">
     <span class='ocr_line' id='line_1_37' title="bbox 626 3855 2576 3926; baseline -0.006 -17"><span class='ocrx_word' id='word_1_305' title='bbox 626 3865 643 3891; x_wconf 78' lang='lat'><strong>¹</strong></span> <span class='ocrx_word' id='word_1_306' title='bbox 674 3864 890 3909; x_wconf 86' lang='lat' dir='ltr'>Conditio</span> <span class='ocrx_word' id='word_1_307' title='bbox 921 3866 1186 3922; x_wconf 88' lang='lat' dir='ltr'>apostolica</span> <span class='ocrx_word' id='word_1_308' title='bbox 1216 3866 1386 3923; x_wconf 88' lang='lat' dir='ltr'>pendet</span> <span class='ocrx_word' id='word_1_309' title='bbox 1412 3879 1441 3909; x_wconf 90' lang='lat' dir='ltr'>a</span> <span class='ocrx_word' id='word_1_310' title='bbox 1463 3863 1590 3909; x_wconf 86' lang='lat' dir='ltr'>facto</span> <span class='ocrx_word' id='word_1_311' title='bbox 1614 3863 1744 3908; x_wconf 89' lang='lat' dir='ltr'>Petri</span> <span class='ocrx_word' id='word_1_312' title='bbox 1760 3861 2011 3918; x_wconf 63' lang='lat' dir='ltr'>Apostoli:</span> <span class='ocrx_word' id='word_1_313' title='bbox 2035 3856 2238 3926; x_wconf 81' lang='lat' dir='ltr'>conditio</span> <span class='ocrx_word' id='word_1_314' title='bbox 2255 3855 2576 3899; x_wconf 87' lang='lat' dir='ltr'>ecclesiastica</span> 
     </span>
     <span class='ocr_line' id='line_1_38' title="bbox 507 3928 2359 3995; baseline -0.003 -18"><span class='ocrx_word' id='word_1_315' title='bbox 507 3935 676 3991; x_wconf 87' lang='lat' dir='ltr'>pendet</span> <span class='ocrx_word' id='word_1_316' title='bbox 706 3935 764 3978; x_wconf 86' lang='lat' dir='ltr'>ab</span> <span class='ocrx_word' id='word_1_317' title='bbox 796 3937 1036 3982; x_wconf 87' lang='lat' dir='ltr'>electionis</span> <span class='ocrx_word' id='word_1_318' title='bbox 1072 3938 1177 3995; x_wconf 83' lang='lat' dir='ltr'>lege</span> <span class='ocrx_word' id='word_1_319' title='bbox 1210 3952 1343 3995; x_wconf 90' lang='lat' dir='ltr'>quam</span> <span class='ocrx_word' id='word_1_320' title='bbox 1377 3951 1591 3994; x_wconf 87' lang='lat' dir='ltr'>suprema</span> <span class='ocrx_word' id='word_1_321' title='bbox 1623 3935 1849 3979; x_wconf 86' lang='lat' dir='ltr'>ecclesiae</span> <span class='ocrx_word' id='word_1_322' title='bbox 1880 3935 2089 3988; x_wconf 86' lang='lat' dir='ltr'>potestas</span> <span class='ocrx_word' id='word_1_323' title='bbox 2120 3928 2359 3972; x_wconf 87' lang='lat' dir='ltr'>stabilivit.</span> 
     </span>
    </p>
   </div>
  </div>
 </body>
</html>
