2716 4446
161 544 432 587 chrysostomus.

160 2629 282 2662 claves
298 2631 477 2662 coelorum.

219 3797 301 3830 Ven.
327 3797 437 3829 Beda.

1356 232 1427 240 —
1478 201 1690 260 158-

491 349 645 413 petra
681 342 825 409 fidei,
866 359 1028 413 quem
1069 341 1318 397 Christus
1357 344 1511 397 Deus
1561 351 1745 398 noster
1793 342 2013 398 beatum
2051 345 2207 414 dixit,
2247 345 2435 399 doctor
2472 364 2558 400 ec-

493 436 709 503 clesiae,
767 436 975 506 primus
1033 436 1371 507 discipulus,
1431 439 1524 508 qui
1581 437 1764 490 claves
1820 439 1976 508 regni
2030 438 2304 491 coelorum
2358 446 2556 508 tenet.„

494 529 706 596 Quibus
746 529 1016 582 consentit
1072 531 1290 582 omnino
1350 529 1772 601 Chrysostomus
1802 531 1840 602 ¹)
1894 530 2170 584 Christum
2220 550 2343 584 cum
2381 539 2560 585 aucto-

492 625 647 676 ritate
687 622 892 674 dixisse
951 622 1255 675 affirmans:
1318 621 1669 692 „Aedificabo
1729 622 2017 676 ecclesiam
2078 642 2270 690 meam,
2330 631 2384 676 et
2420 623 2560 678 dabo

490 716 590 769 tibi
652 715 835 768 claves
900 715 1207 784 coelorum„
1277 716 1495 787 quando
1562 715 1882 785 „ecclesiam
1946 735 2109 786 supra
2165 717 2561 771 confessionem

490 810 640 863 Petri
679 809 1005 877 aedificavit,
1058 829 1288 883 eamque
1339 810 1415 863 ita
1452 811 1702 878 munivit,
1761 818 1821 863 ut
1855 829 1957 863 nec
1993 810 2142 864 mille
2181 810 2425 882 pericula
2460 828 2563 864 nec

490 903 638 956 mille
695 912 895 956 mortes
952 902 1103 956 illam
1160 905 1372 974 possint
1427 923 1714 975 superare;
1774 905 1867 976 qui
1925 905 2200 958 coelorum
2236 905 2342 974 ipsi
2380 904 2563 958 claves

493 997 642 1051 dedit
698 1006 751 1051 et
805 1005 1012 1050 tantam
1068 1005 1442 1068 potestatem„
1503 998 1635 1052 Post
1685 1017 1824 1070 quae
1880 1001 1996 1053 iure
2053 999 2183 1052 licet
2221 997 2562 1067 concludere,

491 1092 710 1167 nonnisi
751 1112 912 1146 unam
970 1111 1089 1146 esse
1146 1094 1372 1146 orientis
1420 1111 1542 1145 cum
1583 1093 1862 1146 occidente
1901 1093 2182 1164 antiquam
2222 1093 2562 1160 sententiam,

490 1188 568 1239 ita
604 1186 753 1240 Petri
792 1186 978 1239 sedem
1017 1205 1136 1239 esse
1177 1188 1546 1255 constitutam,
1597 1195 1657 1241 ut
1695 1207 1794 1241 sua
1830 1195 2024 1241 natura
2063 1188 2133 1240 sit
2169 1193 2344 1240 tutum
2383 1185 2564 1240 catho-

491 1280 629 1334 licae
668 1281 796 1334 fidei
833 1281 1184 1352 praesidium.

668 1377 787 1432 173.
815 1376 1061 1430 Iamvero
1101 1395 1240 1448 quae
1279 1376 1687 1430 infallibilitatis
1716 1376 1814 1430 dos
1835 1395 1958 1430 cum
1981 1383 2175 1429 natura
2193 1376 2316 1446 ipsa
2336 1391 2567 1446 cumque

492 1469 799 1540 ontologico
855 1470 1134 1524 Pontificis
1191 1470 1505 1524 charactere
1563 1471 1833 1539 cohaeret,
1892 1489 2004 1542 quov
2055 1471 2100 1522 is
2152 1476 2236 1523 est
2292 1466 2568 1522 inmobilis

492 1572 648 1636 petra
684 1565 741 1618 in
778 1563 930 1618 Urbe
970 1564 1252 1633 collocata,
1293 1564 1522 1619 eandem
1560 1566 1735 1636 ipsam
1772 1565 1945 1635 exigit
1981 1582 2046 1617 ac
2082 1563 2294 1634 flagitat

493 1767 587 1825 IV.
614 1767 877 1822 titulus
904 1768 1281 1838 potestatis
1309 1775 1447 1821 tum
1474 1767 1901 1822 universalis
1927 1773 2068 1820 tum
2100 1764 2567 1832 authenticae,

495 1974 603 2027 qua
638 1955 861 2009 Petrum
899 1955 1088 2010 itidem
1128 1956 1377 2010 Christus
1416 1957 1692 2020 instruxit,
1733 1974 1899 2027 quum
1938 1954 2115 2008 eidem
2164 1953 2352 2024 „daret
2390 1952 2573 2006 claves

492 2050 649 2120 regni
686 2048 978 2118 coelorum,
1030 2058 1091 2104 ut
1129 2051 1490 2122 quodcunque
1529 2050 1796 2122 ligaturus
1825 2057 1972 2104 esset
2010 2067 2173 2120 super
2197 2055 2398 2102 terram
2435 2046 2577 2100 foret

494 2142 721 2213 ligatum
760 2151 814 2197 et
850 2144 908 2198 in
946 2144 1130 2214 coeliS,
1172 2153 1225 2198 et
1264 2144 1626 2216 quodcunque
1666 2143 1941 2197 soluturus
1982 2161 2146 2212 super
2182 2149 2397 2209 terram,
2431 2140 2573 2194 foret

498 2236 733 2290 solutum
772 2244 825 2290 et
862 2238 918 2291 in
963 2238 1178 2308 coelis„
1219 2239 1571 2292 Manifestum
1613 2239 1758 2291 enim
1798 2245 1880 2291 est

673 2331 720 2384 1.
760 2350 988 2402 regnum
1046 2331 1321 2386 coelorum
1378 2351 1488 2386 non
1529 2351 1649 2386 esse
1695 2333 1802 2385 nisi
1833 2330 2142 2385 ecclesiam
2195 2329 2412 2398 Christi,
2468 2328 2576 2382 nisi

503 2425 933 2479 aedificationem
975 2427 1302 2498 domumque
1340 2427 1600 2495 fidelium,
1643 2446 1806 2498 quam
1843 2425 2104 2480 divinitus
2141 2423 2418 2477 fundatam
2454 2439 2575 2476 esse

509 2538 673 2590 supra
710 2527 921 2590 petram
960 2523 1343 2592 cognovimus:
1384 2530 1497 2574 tum
1537 2540 1667 2575 vero

683 2615 734 2668 2.
774 2614 956 2668 claves
1013 2616 1172 2669 Petro
1231 2617 1385 2670 datas
1441 2616 1511 2669 ad
1565 2614 1844 2686 ligandum
1900 2622 2064 2685 atque
2115 2611 2432 2666 solvendum
2467 2627 2577 2662 non

511 2706 661 2760 aliud
699 2708 998 2778 symbolice
1036 2709 1327 2780 praeferre,
1387 2729 1550 2781 quam
1588 2709 1838 2762 collatam
1875 2708 2035 2761 Petro
2086 2705 2511 2759 iurisdictionem
2528 2701 2574 2774 ⁹)

513 2819 621 2871 qua
657 2801 712 2854 in
751 2802 967 2855 domum
1006 2821 1103 2873 pro
1124 2805 1318 2857 merito
1344 2803 1435 2857 vel
1460 2805 1633 2875 possit
1658 2802 1942 2855 admittere
1967 2799 2056 2854 vel
2081 2799 2149 2853 ab
2177 2817 2242 2851 ea
2267 2795 2576 2862 excludere,

511 2902 625 2947 tum
662 2903 1003 2965 potestatem,
1061 2898 1117 2950 vi
1176 2899 1329 2950 ouius
1385 2915 1554 2968 penes
1594 2898 1773 2967 ipsum
1814 2913 2017 2961 eorum,
2059 2912 2198 2965 quae
2249 2891 2319 2945 ad
2358 2890 2577 2943 domum

514 2995 777 3059 spectant,
818 2991 888 3042 sit
937 2990 1219 3044 arbitrium
1259 3009 1360 3044 nec
1398 3010 1508 3044 non
1548 2990 1810 3046 officium:
1853 2989 2003 3060 atqui

683 3282 717 3339 ¹)
749 3285 801 3325 In
830 3283 985 3326 Matth.
1016 3282 1130 3324 hom.
1161 3279 1231 3324 82.
1267 3281 1340 3335 (al.
1373 3279 1466 3333 83.)
1499 3294 1597 3335 opp,
1628 3284 1659 3324 t.
1688 3280 1788 3323 VII.
1819 3292 1863 3333 Ρ.
1896 3276 1996 3322 786.
2046 3271 2168 3317 Οὐδὲ
2210 3271 2299 3331 γὰρ
2332 3264 2428 3316 εἷπε
2457 3271 2579 3327 τότε,

508 3353 714 3410 ἐδεηθὴν,
748 3351 860 3396 ἀλλὰ
891 3351 1008 3403 μετοὶ
1039 3349 1289 3396 αὐθεντίας
1322 3350 1606 3407 οἰκοδομήσω
1635 3367 1724 3401 μου
1755 3348 1837 3406 τήν
1863 3348 2107 3404 ἐκκλησίαν,
2139 3347 2215 3388 καὶ
2246 3344 2372 3388 δώσω
2395 3361 2468 3388 σοι
2497 3342 2582 3389 τὰς

508 3429 618 3470 κλεῖς·
647 3427 735 3468 τῶν
767 3423 984 3483 οὐρανῶν,
1018 3426 1106 3467 Sed
1137 3426 1246 3468 haec
1277 3426 1333 3467 ad
1365 3426 1501 3480 quid?
1545 3425 1724 3467 Scilicet
1752 3423 1999 3478 praemisit:
2045 3416 2091 3461 ‘O
2122 3416 2209 3475 γὰρ
2239 3416 2323 3472 τήν
2354 3417 2582 3473 ἐκκλησίαν

510 3500 586 3540 ἐπὶ
606 3500 667 3557 τῇ
700 3495 922 3554 ὁμολογίᾳ
945 3494 1099 3540 αὐτοῦ
1131 3496 1454 3554 οἰκοδομήσας,
1487 3497 1563 3538 καὶ
1595 3491 1738 3540 οὕτως
1766 3494 1972 3545 τειχίσας
2002 3488 2162 3546 αὐτήν,
2196 3487 2252 3535 ὦς·
2279 3490 2468 3548 μυρίους
2497 3504 2583 3531 κιν-

510 3570 677 3615 δύνους
707 3571 784 3612 καὶ
814 3568 1054 3614 θανάτους
1098 3566 1242 3624 αὐτῆς
1282 3566 1347 3625 μή
1385 3570 1719 3626 περιγενέσθαι·
1763 3563 1787 3608 ὁ
1821 3566 1908 3608 τῶν
1941 3561 2146 3621 οὐρανῶν
2177 3560 2328 3605 αὐτῶν
2357 3559 2442 3606 τὰς
2471 3562 2583 3605 κλεῖς

511 3640 715 3687 δεδωκώς
745 3643 820 3684 καὶ
849 3641 1079 3697 τοσαύτης
1123 3640 1331 3687 ἐξουσίας
1374 3639 1573 3691 ποιήσας
1603 3638 1776 3697 κύριον,
1821 3639 1897 3680 καὶ
1925 3637 2144 3693 μηδαμοῦ
2175 3632 2310 3690 εὐχῆς
2340 3633 2404 3679 εἰς
2431 3633 2584 3675 ταῦτα

514 3715 708 3771 δεηθείς.

689 3786 729 3843 ²)
759 3787 829 3828 Ad
859 3801 949 3829 rem
980 3800 1080 3830 ven.
1098 3786 1221 3828 Beda
1250 3786 1364 3828 hom.
1397 3785 1516 3829 XVI.
1546 3787 1592 3827 in
1621 3789 1708 3827 nat.
1741 3785 1811 3826 bb.
1833 3784 1987 3838 Apost.
2010 3782 2106 3823 Pet.
2125 3783 2169 3821 et
2190 3779 2317 3822 Paul.
2348 3790 2419 3831 ap.
2440 3775 2580 3829 Mign.

516 3859 593 3900 lat.
621 3859 711 3900 ΡΡ.
742 3863 773 3900 t.
805 3858 877 3903 94.
909 3873 953 3912 p.
984 3857 1084 3900 222.
1118 3857 1308 3910 „claves
1347 3860 1507 3908 autem,
1548 3857 1702 3910 inquit,
1733 3856 1859 3910 regni
1889 3854 2110 3896 coelorum
2137 3852 2277 3905 ipsam
2307 3846 2582 3890 discernendi

521 3931 745 3972 scientiam
776 3931 1102 3986 potentiamque
1131 3930 1341 3982 nominat,
1374 3942 1462 3983 qua
1492 3928 1646 3984 dignos
1676 3929 1870 3982 recipere
1899 3927 1945 3966 in
1973 3936 2170 3978 regnum,
2207 3920 2410 3974 indignos
2441 3919 2581 3960 seclu-

520 4002 622 4044 dere
653 4003 831 4046 deberet
858 4016 886 4045 a
914 4015 1091 4058 regna„
1123 4002 1182 4044 Et
1211 4002 1343 4058 paulo
1372 4005 1473 4058 post
1501 4001 1606 4045 ibid.
1626 4014 1670 4056 p.
1693 3997 1795 4045 223.
1827 3997 1986 4053 „Omni
2014 3996 2148 4052 igitur
2176 3992 2411 4035 electorum
2441 3990 2580 4034 eccle·
