2626 4432
470 334 778 402 felicitatem.
852 329 997 382 Inter
1036 334 1247 381 ceteros
1285 339 1500 377 errores
1538 327 1840 389 postremus
1874 321 1965 373 ille
2003 337 2110 373 non
2147 327 2256 388 est,
2303 338 2409 390 quo
2445 340 2543 376 na-

472 435 588 478 tura
627 441 691 477 ac
742 421 1098 474 denominatio
1148 417 1420 470 societatis
1464 414 1754 482 spiritualis
1803 430 1870 466 eo
1921 430 2082 466 sensu
2137 414 2400 468 ecclesiae
2447 417 2543 469 tri-

469 518 669 583 buitur,
709 515 859 581 quasi
898 514 975 565 illi
1012 512 1311 564 nullatenus
1352 507 1499 561 cordi
1541 514 1686 558 esset
1722 513 1893 559 status
1920 508 2056 560 ordo
2082 523 2147 560 ac
2171 508 2542 575 tranquillima,

470 624 638 674 neque
675 607 834 659 ullam
874 604 1028 657 daret
1063 619 1310 671 operam,
1349 608 1406 653 ut
1435 601 1742 668 respublica
1770 600 1985 669 floreat,
2026 608 2080 654 et
2106 602 2384 654 incolumis
2412 617 2541 655 con-

469 706 727 752 servetur.
806 699 912 750 Ista
960 697 1079 748 dum
1134 695 1376 747 effutiunt
1423 693 1666 745 homines
1707 695 1845 746 male
1894 696 2011 746 sani
2058 710 2123 747 eo
2162 701 2434 762 spectant,
2486 701 2544 747 ut

467 793 747 855 ecclesiam
786 794 1217 859 repraesentent›
1240 787 1405 839 veluti
1443 802 1579 853 quae
1618 787 1813 839 nullam
1855 787 1921 839 de
1962 788 2204 840 humanis
2245 790 2406 841 rebus
2448 803 2541 841 cu-

465 901 578 937 ram
615 891 794 951 gerat,
847 882 995 934 nihili
1036 881 1196 933 ducat
1234 886 1574 946 praesentem
1612 879 1921 933 felicitatem
1971 897 2036 934 ac
2075 882 2405 949 reipublicae
2443 883 2562 934 bo-v

465 995 611 1043 num,
649 975 978 1045 proindeque
1017 989 1117 1026 nec
1154 973 1216 1023 iis
1254 988 1312 1023 se
1351 980 1619 1040 opponat,
1660 991 1797 1041 quae
1836 982 2027 1027 statum
2058 977 2401 1044 perturbare,
2444 991 2541 1028 ne-

465 1085 566 1136 que
604 1087 668 1121 ea
707 1073 1045 1137 promoveat,
1087 1082 1221 1132 quae
1252 1065 1450 1133 juvare
1488 1066 1634 1117 illum
1662 1068 1883 1134 possint.
1960 1067 2071 1120 Sed
2098 1067 2351 1119 falluntur
2378 1082 2540 1134 egre-

465 1163 578 1229 gie,
617 1168 670 1214 et
706 1161 992 1230 perspicue
1029 1158 1423 1225 demonstrant,
1473 1159 1686 1211 nescire
1735 1175 1794 1211 se
1844 1160 2144 1228 cujusmodi
2181 1160 2250 1211 sit
2290 1143 2544 1227 ecclesia,

466 1270 602 1320 quae
639 1252 779 1305 illius
816 1251 1051 1317 indoleS,
1092 1266 1228 1317 quae
1267 1257 1484 1314 natura,
1524 1257 1579 1302 et
1617 1266 1755 1317 quae
1793 1251 2066 1303 institutio.

263 1432 299 1467 2.
583 1467 586 1470 ,
611 1411 692 1465 63.
729 1410 990 1462 Noverint
1011 1423 1170 1476 ergO,
1199 1409 1274 1460 uti
1296 1409 1543 1477 superius
1570 1410 1923 1478 ostendimuS,
1963 1409 2361 1480 Scripturarum
2386 1412 2541 1464 testi-

108 1483 325 1570 redeam·
353 1492 450 1529 pre.
466 1503 678 1568 moniiS,
725 1501 1022 1554 traditionis
1063 1501 1408 1565 auctoritate,
1460 1507 1621 1568 atque
1674 1518 1848 1554 rerum
1893 1504 2128 1571 ipsarum
2178 1510 2371 1557 natura
2413 1520 2542 1572 per-

466 1593 702 1661 spicuum
743 1610 888 1661 esse,
946 1595 1254 1660 ecclesiam,
1309 1595 1395 1647 cui
1447 1595 1614 1646 veluti
1660 1594 1779 1646 finis
1829 1596 2082 1664 princeps
2138 1596 2422 1665 proposita
2459 1603 2543 1648 est

466 1703 714 1756 suprema
745 1689 810 1739 in*
836 1688 999 1740 coelis
1037 1688 1303 1740 hominum
1342 1688 1571 1740 beatitas
1589 1728 1602 1755 ,
1642 1689 1950 1755 intendere,
1978 1705 2058 1765 ‘ac
2082 1704 2184 1757 pro
2212 1689 2353 1741 virili
2380 1690 2541 1742 etiam

464 1788 740 1850 satagere,
778 1788 835 1834 ut
865 1783 1193 1850 reipublicae
1220 1784 1358 1839 bene
1397 1783 1489 1848 sit,
1529 1782 1808 1850 imperium
1837 1782 2050 1848 floreat,
2089 1799 2155 1836 ac
2192 1789 2364 1836 status
2403 1781 2540 1836 ordo

464 1890 528 1928 ac
565 1876 916 1943 tranquillitas
954 1883 1140 1929 sancte
1177 1875 1524 1929 custodiatur.

108 2050 446 2096 Ρααιωᾼροειο-
607 2037 691 2090 64.
740 2036 1027 2104 Postquam
1080 2037 1366 2089 universim
1417 2036 1582 2089 edixit
1614 2034 1633 2066 ²
1694 2033 1995 2105 Apostolus
2059 2035 2364 2105 „orandum
2413 2050 2536 2088 esse

234 2101 316 2138 ια’·
461 2144 561 2198 pro
599 2130 838 2182 omnibus
863 2129 1190 2199 hominibuS„
1236 2131 1485 2184 continuo
1525 2131 1761 2200 explicat
1799 2137 1854 2182 et
1880 2132 2092 2198 quinam
2118 2130 2346 2182 omnium
2363 2129 2538 2198 primi,

462 2228 516 2274 et
554 2238 708 2289 quem
745 2225 813 2277 ob
852 2222 1010 2276 finem
1049 2225 1409 2277 commendari
1446 2224 1561 2277 Deo
1595 2225 1927 2293 potissimum
1966 2223 2231 2278 debeant:
2273 2221 2413 2291 „Pro
2450 2237 2540 2274 re-

462 2506 599 2563 gravi
629 2511 750 2552 metu
781 2510 1026 2565 perculsos
1074 2523 1143 2553 or.
1173 2509 1315 2554 XVII.
1348 2509 1417 2554 ed.
1443 2508 1545 2554 Bill.
1580 2510 1706 2553 1609.
1739 2509 1833 2553 vol.
1861 2509 1891 2552 1.
1922 2521 1967 2565 p.
1992 2509 2094 2551 270.
2134 2507 2285 2552 A-G,
2318 2505 2540 2551 disseruit

109 2602 335 2648 areyorius
354 2610 447 2638 naz,
465 2577 718 2638 Gregorius
750 2581 1075 2626 nazianzenus:
1118 2580 1236 2627 Ἔστι
1266 2586 1342 2627 καὶ
1372 2576 1505 2634 οὗτος
1537 2581 1599 2634 εἷς
1631 2582 1719 2628 τῶν
1753 2580 1975 2643 ἡμετέρων
2006 2578 2154 2639 νόμων
2191 2581 2267 2623 καὶ
2297 2571 2430 2630 οὗτος
2452 2576 2543 2623 τῶν
2569 2585 2596 2601 ’-

467 2651 795 2711 ἐπαινουμένων
834 2657 908 2699 καὶ
938 2654 1152 2701 κάλλιστα
1195 2656 1554 2716 διατεταγμένων
1594 2656 1657 2716 τῷ
1693 2655 1941 2715 πνεύματι,
1988 2653 2039 2698 τὸ
2085 2651 2277 2698 δύνατον
2316 2651 2433 2711 μετὰ
2462 2659 2545 2697 τοῦ

465 2726 604 2770 καλοῦ
636 2726 930 2786 δοκιμάσαντι
961 2732 1035 2774 καὶ
1066 2728 1427 2789 νομοθετήσαντι
1459 2727 1613 2790 ὥσπερ
1656 2728 1838 2779 δούλοις
1875 2724 2117 2772 ὑπακούειν
2148 2723 2423 2779 δεσπόταις,
2466 2727 2542 2769 καὶ

464 2805 675 2858 γυναῖκας
710 2797 928 2862 ἀνδράσι,
975 2806 1049 2847 καὶ
1089 2807 1230 2864 κυρίῳ
1273 2802 1350 2861 τὴν
1391 2804 1646 2860 ἐκκλησίαν,
1688 2804 1763 2846 καὶ
1792 2799 2010 2860 μαθητὰς
2039 2801 2226 2857 ποιμέσι
2270 2800 2345 2842 καὶ
2382 2796 2543 2842 διδασ-

464 2870 617 2923 κάλοις
641 2905 651 2916 .
685 2872 799 2918 οὕτω
833 2875 882 2918 δὲ
913 2878 987 2919 καὶ
1019 2874 1191 2927 πάσαις
1222 2877 1450 2930 ἐξουσίαις
1495 2872 1831 2936 ’ὑπερεχούσαις
1873 2869 2263 2926 ιῖποτάσσασθαι,
2307 2866 2365 2915 οὐ
2400 2866 2542 2923 μόνον

465 2942 542 2989 διὰ
571 2946 650 3003 τὴν
679 2943 838 3007 ὀργὴν,
880 2945 992 2991 ἀλλὰ
1024 2952 1098 2993 καὶ
1129 2947 1206 2993 διὰ
1247 2948 1326 3006 τὴν
1357 2948 1631 3006 συνείδησιν,
1680 2946 1742 2999 ὥς
1772 2947 2002 2996 ’ὑποτελεῖς
2027 2942 2191 3005 ’φόρου
2234 2940 2542 3002 τυγχάνοντας

464 3020 537 3061 καὶ
567 3017 627 3075 μὴ
660 3026 1009 3071 κακοποιοῦντας
1044 3027 1191 3079 μισεῖν
1219 3020 1296 3066 τὸν
1327 3020 1479 3079 νόμον,
1519 3020 1631 3079 μηδὲ
1664 3017 1897 3078 ἀναμένειν
1927 3017 2006 3074 τὴν
2036 3015 2296 3077 μάχαιραν,
2333 3011 2449 3058 ἀλλὰ
2477 3015 2542 3072 τῷ

465 3087 591 3148 φόβῳ
635 3093 1000 3152 καθαιρομένους
1036 3092 1328 3137 ἐπαινεῖσθαι
1372 3093 1462 3138 ὑπὸ
1506 3100 1580 3150 τῆς
1613 3094 1845 3147 ἐξουσίας;
1896 3092 2143 3149 „Jamvero
2188 3088 2311 3132 inter
2352 3090 2537 3131 ceteras

465 3165 654 3205 nostrae
685 3162 924 3208 doctrinae
971 3164 1104 3221 leges
1136 3165 1255 3208 hanc
1294 3178 1477 3222 quoque
1508 3165 1731 3209 habemus
1776 3162 2039 3221 cumprimis
2071 3159 2372 3214 laudandam,
2418 3161 2466 3202 et
2510 3169 2539 3200 a

464 3232 656 3291 Spiritu,
688 3236 763 3292 qui
793 3237 841 3280 id
872 3236 996 3293 quod
1026 3240 1273 3293 praestare
1296 3250 1542 3293 possumus
1568 3250 1668 3280 cum
1701 3250 1758 3280 eo
1791 3235 1915 3293 quod
1943 3235 2187 3292 pulchrum
2218 3237 2266 3277 et
2296 3232 2540 3276 honestum

464 3310 536 3349 est
567 3307 829 3365 exploravit
858 3308 1053 3366 legeque
1090 3310 1264 3365 sanxit,
1304 3310 1550 3367 praeclare
1584 3308 1908 3363 constitutam,
1940 3319 2031 3364 qua
2054 3310 2106 3351 ut
2130 3305 2258 3350 servi
2281 3303 2409 3348 heris
2440 3301 2539 3347 suis
2601 3343 2617 3348 -

465 3383 513 3424 et
538 3393 710 3440 >uxores
740 3381 856 3426 viris
888 3386 935 3427 et
965 3382 1164 3426 ecclesia
1194 3382 1401 3437 Christo,
1437 3386 1484 3427 et
1516 3381 1731 3439 discipuli
1760 3381 1999 3438 magistris
2031 3393 2086 3423 ac
2118 3377 2388 3436 pastoribus
2412 3375 2538 3420 dicto

466 3449 703 3495 audientes
735 3464 837 3496 esse
869 3455 1006 3509 atque
1038 3453 1363 3511 obtemperare
1394 3454 1630 3509 iubentur,
1662 3453 1729 3497 ita
1758 3452 1894 3496 nobis
1926 3442 2066 3495 eti'am
2097 3449 2458 3508 praescribitur,
2488 3451 2540 3491 ut

466 3521 811 3567 sublimioribus
853 3523 1164 3578 potestatibus
1202 3538 1449 3581 pareamus
1497 3540 1589 3570 non
1643 3525 1794 3570 solum
1832 3529 2028 3582 propter
2076 3524 2217 3579 iram,
2272 3521 2355 3566 sed
2400 3521 2538 3565 etiam

464 3598 659 3651 propter
690 3595 1016 3639 conscientiam
1048 3598 1100 3652 (i.
1135 3611 1173 3641 e.
1204 3612 1296 3642 non
1328 3599 1477 3643 solum
1508 3602 1706 3657 propter
1730 3611 1927 3655 poenam
1959 3597 2042 3641 sed
2065 3599 2264 3653 propter
2288 3590 2536 3647 officium),

466 3669 518 3709 ut
561 3666 639 3722 qui
683 3666 923 3722 pendendo
971 3668 1143 3713 tributa
1196 3671 1336 3715 simus
1383 3672 1595 3716 obnoxii:
1655 3684 1741 3716 nec
1787 3670 2125 3715 committamus
2167 3670 2218 3711 ut
2257 3666 2318 3710 ob
2356 3664 2539 3708 scelera

423 3769 425 3771 -
466 3740 514 3780 et
549 3734 730 3795 flagitia
759 3742 922 3783 nostra
952 3740 1103 3798 legem
1143 3742 1249 3787 odio
1281 3744 1531 3789 habeamus
1570 3759 1626 3789 ae
1672 3745 1898 3789 vindicem
1944 3740 2150 3799 gladium
2192 3739 2536 3795 exspectemus:

468 3808 575 3864 quin
604 3810 760 3866 potius
790 3811 835 3854 id
868 3824 1084 3869 agamus,
1132 3818 1183 3858 ut
1220 3828 1304 3871 per
1336 3816 1549 3861 timorem
1580 3815 1771 3874 purgati
1811 3814 1993 3859 laudem
2034 3825 2062 3855 a
2092 3811 2329 3868 potestate
2377 3820 2540 3852 conse-

469 3893 695 3939 quamur.„

588 3954 604 3981 ¹
635 3954 665 3997 1.
696 3954 810 3998 Tim.
841 3968 941 4012 cap.
974 3956 1024 3999 11.
1060 3959 1079 3999 1
1115 3971 1214 4014 sqq.
