2626 4432
1003 173 1363 230 —53—

149 345 337 411 gibuS‚
387 347 441 395 et
487 341 728 394 omnibus
769 339 856 406 qui
903 338 956 389 in
1011 335 1331 388 sublimitate
1382 337 1533 398 sunt,
1588 337 1645 383 ut
1702 330 1932 397 quietam
1983 332 2038 380 et
2087 333 2234 379 tran-

151 438 365 505 quillam
405 437 568 488 vitam
609 448 831 501 agamus
870 433 921 483 in
965 430 1105 483 omni
1143 429 1345 497 pietate
1385 432 1439 479 et
1477 425 1775 491 castitate„
1812 418 1831 451 ¹

295 567 720 641 Igitur'injungit
747 568 1037 633 ecclesiae,
1077 572 1134 618 ut
1162 580 1261 634 pro
1290 564 1721 618 moderatoribus
1753 562 2081 630 reipublicae
2110 576 2236 628 pre-

150 683 240 721 ces
282 667 351 719 ad
389 665 557 718 Deum
598 662 810 728 fundat,
853 671 1012 727 atque
1053 677 1083 711 a
1121 660 1236 711 Deo
1275 659 1524 726 impetret
1552 662 1721 709 status
1749 656 1978 723 quietem
2007 662 2061 706 et
2089 660 2236 705 tran-

151 760 480 828 quillitatem.
557 753 667 807 Sed
709 755 825 820 quis
863 754 917 804 in
967 754 1194 804 animum
1245 751 1464 804 inducat
1511 766 1688 817 suum,
1731 752 1800 801 ab
1853 748 2085 801 ecclesia
2144 763 2237 798 ne-

150 853 308 921 gligi,
345 867 448 904 non
488 848 717 915 intendi,
755 862 863 898 non
901 847 1186 914 procurari
1234 845 1364 897 illud
1403 846 1603 912 ipsum,
1641 859 1742 912 pro
1780 858 1884 910 quo
1926 841 2237 910 apostolicis

151 945 361 999 erudita
399 942 815 995 institutionibus
854 941 1022 992 Deum
1064 945 1282 1004 exorat,
1338 945 1499 1005 atque
1540 955 1572 990 a
1611 936 1724 990 Deo
1763 937 1978 990 summis
2016 935 2237 987 infimis-

150 1056 252 1107 que
290 1038 540 1106 precibus
570 1034 886 1102 efflagitat?

294 1158 431 1236 Quid
463 1185 597 1222 vero
636 1170 729 1221 illa
769 1170 869 1225 sibi
917 1170 1106 1222 volunt
1147 1167 1403 1238 Apostoli
1458 1175 1545 1236 „ut
1593 1168 1825 1234 quietam
1874 1175 1927 1219 et
1975 1167 2234 1234 tranquil-

148 1269 253 1320 lam
292 1267 455 1318 vitam
493 1280 716 1333 agamus
767 1263 821 1315 in
861 1264 1002 1315 omni
1040 1264 1242 1332 pietate
1290 1268 1344 1315 et
1377 1262 1662 1315 honestate
1677 1262 1739 1330 2„
1813 1261 1966 1314 Haec
2016 1260 2236 1313 demon-

149 1366 323 1412 strant
358 1359 430 1411 ad
470 1359 807 1410 sanctitatem
847 1359 1016 1424 vitae,
1057 1356 1126 1409 ad
1163 1356 1501 1409 honestatem
1542 1357 1837 1423 actionum,
1875 1357 1946 1409 ad
1987 1356 2239 1407 virtutum

150 1455 409 1508 culturam
462 1453 742 1521 plusquam
802 1451 1145 1504 mediocriter
1203 1451 1455 1504 conferre
1524 1450 1852 1518 reipublicae
1912 1465 2122 1518 pacem,
2188 1455 2242 1501 et

150 1553 319 1600 status
344 1545 798 1613 tranquillitatem.
871 1542 1044 1612 Atqui
1077 1545 1314 1598 ecclesia
1350 1543 1576 1596 intendit
1614 1544 1989 1610 vehementer,
2030 1548 2084 1595 et
2110 1557 2240 1611 pro-

150 1648 304 1711 curat
341 1640 569 1694 sollicite
608 1639 1035 1706 sanctimoniam,
1076 1640 1441 1705 honestatem,
1493 1638 1743 1689 virtutum
1785 1636 2241 1708 exercitationem.

149 1735 300 1804 Ergo
340 1750 446 1787 non
478 1740 660 1803 potest
709 1748 815 1786 non
855 1732 1176 1786 secundario
1227 1731 1534 1798 intendere,
1595 1747 1660 1783 ac
1709 1733 1917 1799 prope-J,
1934 1748 2002 1782 ex
2052 1712 2242 1784 conse·
2287 1748 2290 1752 ’

55 1836 58 1839 “
151 1829 333 1898 quenti
370 1843 668 1897 procurare
703 1827 1035 1895 reipublicae
1071 1826 1340 1893 ordinem,
1381 1832 1436 1877 et
1474 1832 1644 1877 status
1683 1825 2019 1892 felicitatem,
2061 1841 2091 1876 e
2128 1826 2243 1892 qui-

144 1925 251 1985 'bus
287 1923 474 1991 priora
511 1922 606 1975 illa
654 1922 735 1974 sin
774 1922 946 1973 minus
983 1921 1251 1987 absolute,
1309 1920 1487 1987 aliquo
1529 1925 1707 1971 tamen
1747 1919 1907 1971 modo
1947 1920 2245 1971 certissime

150 2016 400 2086 pendent.
477 2015 664 2084 Itaque
703 2014 1080 2069 contradicunt
1117 2012 1420 2082 Apost010,
1462 2015 1551 2081 qui
1592 2015 1731 2067 hanc
1763 2015 1863 2067 sibi
1905 2013 2114 2082 fingunt
2153 2029 2243 2066 ec-

154 2111 353 2182 clesiae
391 2125 498 2162 non
538 2109 850 2177 imaginem,
901 2115 1062 2175 atque
1114 2109 1349 2176 speciem
1391 2108 1457 2160 ad
1512 2109 1690 2160 vivum
1742 2124 2094 2176 expressam,
2147 2105 2243 2158 sed

152 2205 400 2257 fallacem
440 2203 923 2270 adumbrationem,
971 2201 1113 2269 quod
1155 2203 1299 2253 illam
1341 2202 1486 2254 nulla
1533 2201 1598 2252 de
1639 2202 1881 2253 humanis
1915 2203 2076 2254 rebus
2114 2218 2243 2253 cura

154 2303 368 2366 tangat,
408 2297 559 2349 nihili
598 2296 786 2360 ducat,
824 2312 962 2363 quae
1003 2297 1071 2348 ad
1114 2296 1325 2349 civilem
1366 2301 1559 2348 statum
1601 2296 1924 2348 referuntur.
2167 2290 2171 2292 ’

224 2456 226 2458 ’
298 2431 381 2485 65.
425 2429 675 2484 Ceterum
705 2430 923 2499 eadem,
963 2448 1067 2499 qua
1089 2429 1390 2499 Apostolus
1424 2434 1647 2498 ratione,
1677 2450 1805 2486 usus
1823 2433 2035 2503 jamdiu
2067 2435 2244 2486 fuerat
2257 2448 2473 2485 Jeremm.

152 2526 433 2580 Jeremias.
509 2522 824 2577 Adhortans
864 2541 1092 2592 namque
1131 2525 1375 2579 Judaeos
1405 2526 1686 2596 Babylone
1727 2529 1997 2596 captiVOS,
2038 2535 2095 2580 ut
2133 2527 2242 2579 Do·

153 2621 279 2672 mini
332 2619 430 2672 Dei
469 2619 550 2670 sui
597 2618 1040 2685 recordarentur,
1095 2620 1378 2687 legemque
1429 2623 1497 2674 ab
1551 2622 1671 2689 ipso
1723 2629 2002 2691 acceptam
2054 2622 2245 2674 sedulo

155 2712 520 2778 custodirent3
556 2711 699 2763 istud
740 2726 952 2779 quoque
993 2712 1199 2764 addidit
1236 2713 1529 2766 Jeremias:
1565 2711 1587 2745 ²
1634 2715 1733 2783 „Et
1773 2716 2016 2782 quaerite
2056 2732 2244 2784 pacem

155 2807 390 2860 civitatis
426 2805 495 2857 ad
534 2821 691 2872 quam
731 2807 1116 2874 transmigrare
1154 2822 1255 2859 vos
1295 2808 1429 2873 feci,
1487 2816 1540 2861 et
1581 2817 1734 2861 orate
1784 2825 1885 2877 pro
1919 2826 1984 2861 ea
2025 2810 2093 2861 ad
2137 2810 2244 2861 Do-

155 2900 374 2964 minum,
415 2899 539 2978 quia
576 2899 631 2949 in
667 2915 801 2966 pace
840 2899 980 2951 illius
1021 2900 1123 2952 erit
1159 2918 1269 2968 pax
1308 2882 1539 2970 vestra„
1620 2902 1781 2965 Quasi
1813 2903 2049 2955 diceret:
2090 2904 2245 2955 vobis

156 3007 497 3060 summopere
540 2991 693 3044 cordi
727 3008 849 3044 esse
890 2992 1053 3047 debet
1090 3011 1200 3062 pax
1244 2995 1508 3062 civitatiS,
1560 3003 1719 3063 atque
1760 3014 1791 3048 a
1832 2997 2245 3065 Deoprecibus

121 3084 536 3167 ,efflagitandffi
582 3102 690 3153 pax
742 3087 879 3138 enim
921 3093 1142 3154 vestra,
1196 3094 1251 3141 et
1290 3090 1631 3156 tranquillum
1685 3090 1962 3156 religionis
2016 3090 2244 3141 studium

157 3181 249 3231 vix
288 3185 380 3231 aut
416 3195 484 3230 ne
540 3180 632 3231 vix
684 3180 896 3246 quidem
955 3197 1074 3234 cum
1125 3182 1457 3251 reipublicae
1507 3184 1676 3236 turbis
1723 3190 1776 3236 et
1818 3184 2051 3236 civitatis
2099 3185 2244 3235 inor-

159 3271 428 3324 dinatione
468 3273 716 3339 componi
756 3279 950 3341 potest.

306 3406 526 3460 Scilicet
565 3414 620 3458 et
657 3407 924 3461 Jeremias
963 3417 1018 3463 et
1054 3410 1251 3465 Paulus
1302 3413 1634 3479 gravissimis
1676 3413 1990 3465 denuntiant
2027 3419 2243 3464 senten-

162 3502 280 3567 tiis,
342 3502 606 3554 ecclesiae
661 3505 857 3555 bonum
917 3520 1035 3557 cum
1098 3506 1428 3574 reipublicae
1490 3500 1874 3574 tranquillitate
1932 3508 2243 3559 arctissimis

160 3596 386 3648 nexibus
427 3595 736 3647 cohaerere.
814 3597 912 3660 Qui
951 3613 1084 3665 ergo
1134 3599 1266 3651 illud
1304 3599 1584 3651 intendunt
1623 3607 1676 3651 et
1722 3606 2040 3666 procurant,
2105 3599 2244 3650 hanc

161 3704 373 3756 quoque
408 3688 686 3741 intendant
724 3696 777 3771 et
802 3698 1095 3758 procurent
1133 3707 1358 3753 necesse
1394 3698 1488 3744 est.

281 3907 297 3934 ¹
328 3905 389 3950 Ἐν
420 3904 544 3964 πάσῃ
576 3903 778 3965 εὐσεβείᾳ
811 3910 883 3951 καὶ
915 3910 1172 3966 σεμνότητι,
1206 3914 1253 3969 in
1284 3915 1399 3955 omm'
1425 3915 1580 3968 pietate
1613 3916 1654 3956 et
1681 3913 1912 3956 honestate.

282 3977 298 4005 ²
329 3977 488 4022 XXlX.
521 3981 562 4021 7.
