2716 4446
169 3888 296 3924 Matth.
310 3890 374 3922 XX
378 3891 482 3929 V111.

294 3933 338 3968 19

1420 119 1749 189 ὼ388...

1117 270 1159 319 7.
1203 273 1456 316 Corollariis
1485 274 1655 329 aliquot
1683 287 1754 316 res
1783 274 2043 320 absolvitur,

711 414 835 471 409.
874 415 965 468 Ex
1013 415 1098 467 his
1151 414 1401 468 omnibus
1454 414 1742 486 collegisse
1782 415 1991 488 aliquot
2027 418 2226 471 iuverit
2263 415 2615 502 consectaria,

538 492 676 582 quae
714 529 816 580 per
852 511 1164 563 universam
1222 508 1288 561 de
1328 507 1605 562 infallibili
1641 510 1960 580 pontificum
2010 513 2318 583 magisterio
2357 513 2614 583 praemis·
2660 518 2662 526 ’

536 625 651 658 sam
705 604 1126 675 disputatio-nem
1165 604 1463 672 exsistunt3
1505 603 1601 657 sed
1637 623 1782 658 nunc
1821 607 2083 660 emanatis
2119 606 2206 659 Pii
2242 607 2372 659 noni
2407 605 2615 677 gravis·

536 701 686 753 simis
724 718 834 752 una
873 718 996 752 cum
1033 698 1464 769 propositionum
1505 697 1728 769 Syllabo
1766 698 1978 769 litteris,
2017 719 2174 753 usum
2213 699 2457 771 apprime
2485 716 2613 771 pra-

533 795 731 846 cticum
767 791 987 859 habent,
1029 810 1133 863 quo
1174 810 1299 845 suos
1339 791 1566 846 eaedem
1592 791 1803 847 litterae
1841 793 2048 848 fructus
2088 793 2350 848 salutares
2389 793 2614 847 sortian-

531 894 619 940 tur
656 905 720 939 ac
757 904 918 956 porro
956 885 1148 938 ferant.

706 978 1065 1033 Corollarium
1102 979 1146 1035 Ι.
1182 979 1429 1033 Romano
1468 980 1727 1051 pontifici,
1767 980 1939 1035 veluti
1977 981 2286 1034 authentico
2326 999 2391 1033 ac
2446 978 2605 1033 infal-

535 1073 675 1127 libili
715 1073 902 1127 salutis
941 1074 1200 1143 magistro
1242 1073 1494 1126 salutaris
1534 1073 1765 1127 debetur
1801 1074 2129 1143 obedientia,
2185 1091 2434 1147 quaeque
2491 1083 2608 1129 tan-

530 1187 691 1240 quam
729 1187 860 1221 vera
897 1167 1247 1230 revelationis
1279 1167 1375 1221 ille
1416 1168 1621 1238 definit,
1662 1187 1727 1221 ea
1765 1169 1835 1222 ad
1875 1168 2106 1223 salutem
2141 1168 2412 1222 credenda
2448 1168 2606 1240 profi—

527 1261 798 1333 tendaque
837 1260 1211 1331 infallibiliter,
1253 1270 1307 1315 et
1343 1263 1541 1316 iterum
1579 1260 1940 1315 infallibiliter
1977 1270 2104 1315 sunt
2154 1262 2225 1315 ad
2263 1261 2492 1316 salutem
2527 1269 2604 1316 te-

527 1356 707 1409 nenda
746 1375 811 1409 ac
850 1355 1110 1424 docenda,
1170 1374 1309 1427 quae
1365 1357 1423 1409 in
1478 1356 1666 1410 ordine
1725 1356 1795 1409 ad
1850 1355 1944 1409 illa
1983 1356 2127 1409 idem
2170 1365 2428 1428 tanquam
2474 1375 2606 1426 vera

527 1451 752 1503 rationis
794 1449 1050 1506 declarat.

703 1544 1060 1597 Corollarium
1096 1543 1168 1599 II.
1209 1545 1382 1598 Penes
1421 1563 1706 1598 romanum
1742 1543 2054 1616 pontificem
2092 1552 2175 1598 est
2201 1545 2455 1616 negative
2492 1547 2603 1617 pri-

527 1657 690 1708 mum,
715 1639 1026 1709 opinionem
1047 1638 1337 1692 cuiuslibet
1356 1639 1625 1692 humanae
1654 1641 1914 1692 scientiae
1936 1638 2026 1693 vel
2047 1639 2368 1710 disciplinae
2388 1640 2602 1711 opposi-
2671 1664 2698 1672 ⁶

526 1740 638 1785 tam
677 1733 961 1806 credendis
989 1733 1345 1804 tenendisque
1373 1736 1518 1786 veris
1548 1733 1873 1787 salutaribus
1901 1734 2213 1787 authentica
2237 1753 2302 1787 ac
2329 1733 2603 1809 infallibili

527 1829 795 1880 sententia
833 1829 1060 1882 reiicere
1099 1847 1164 1881 ac
1204 1829 1594 1898 condemnare,
1649 1836 1703 1882 et
1754 1829 1855 1882 hoc
1912 1847 2022 1882 una
2075 1848 2197 1883 cum
2253 1837 2604 1900 praepostera

524 1922 670 1975 illius
708 1925 915 1976 ratione
956 1943 1019 1975 ac
1059 1942 1239 1990 causa,
1284 1926 1400 1977 sive
1440 1942 1505 1976 ea
1542 1925 1599 1976 in
1638 1942 1818 1977 errore
1860 1925 1928 1977 sit
1955 1925 2103 1977 circa
2126 1926 2409 1977 materiam
2435 1933 2599 1995 atque

525 2017 794 2070 obiectum
836 2020 951 2071 sive
990 2020 1046 2071 in
1086 2038 1188 2072 usu
1226 2019 1466 2072 methodi
1505 2030 1667 2090 atque
1696 2020 1900 2072 formae
1929 2021 2306 2088 scientiarum3
2332 2028 2387 2072 et
2412 2029 2600 2072 contra

523 2114 771 2183 positive,
831 2131 999 2182 penes
1056 2114 1236 2184 ipsum
1290 2122 1387 2182 est,
1446 2114 1699 2167 adserere
1757 2133 1820 2170 ac
1877 2115 2018 2167 tueri.
2069 2115 2334 2185 quamviS,
2371 2113 2600 2166 salutari
2682 2152 2685 2154 -

522 2207 802 2261 doctrinae
842 2211 1207 2268 necessariam
1245 2210 1601 2263 humanarum
1642 2211 1988 2263 scientiarum
2021 2208 2302 2263 veritatem
2341 2228 2450 2262 una
2483 2220 2605 2274 rur-j

524 2321 641 2355 sum
681 2323 803 2356 cum
843 2305 1085 2358 eiusdem
1122 2306 1331 2358 ratione
1389 2323 1454 2358 ac
1494 2323 1660 2358 causa
1714 2314 1824 2357 tam
1875 2303 2142 2358 materiali
2180 2303 2395 2372 obiecti,
2435 2321 2598 2374 quam

519 2396 734 2449 formali
773 2400 892 2451 viae
931 2398 1276 2471 methodique
1315 2398 1461 2452 illius
1500 2398 1895 2469 comparandae
1933 2407 1988 2452 et
2025 2397 2473 2469 comprobandae.
2523 2397 2599 2452 Et
2672 2400 2679 2402 ’

518 2492 577 2544 in
615 2492 698 2545 his
739 2493 788 2544 ei
826 2494 1030 2563 pariter
1067 2503 1151 2546 est
1189 2494 1440 2547 docilitas
1479 2493 1791 2547 adhibenda
1829 2502 1884 2546 et
1921 2494 2114 2564 pietas,

696 2586 1055 2641 Corollarium
1092 2589 1193 2642 ΙΠ.
1235 2589 1417 2656 Quare
1463 2597 1523 2642 ut
1561 2591 1802 2642 cuiusvis
1860 2587 2137 2641 christiani
2193 2585 2362 2658 probe
2417 2585 2594 2640 fidelis

522 2688 617 2750 est,
659 2682 764 2735 fide
805 2683 1060 2753 amplecti
1097 2692 1191 2737 aut
1228 2685 1487 2753 aversari,
1530 2703 1669 2756 quae
1708 2703 1741 2736 a
1777 2670 2000 2736 romano
2038 2681 2295 2754 pontifice
2334 2689 2594 2752 tanquam

518 2795 651 2828 vera
687 2776 1036 2830 revelationis
1075 2776 1164 2830 vel
1202 2779 1281 2831 uti
1318 2777 1514 2831 iisdem
1573 2778 1821 2849 opposita
1870 2777 2235 2844 definiuntur;
2290 2775 2388 2851 ita·
2422 2775 2591 2828 scien-

519 2872 715 2922 tiarum
754 2870 975 2924 cultoris
1014 2871 1295 2924 christiani
1350 2871 1631 2942 probeque
1686 2870 1865 2924 fidelis
1922 2878 2020 2939 est,
2079 2888 2219 2941 quae
2281 2888 2315 2922 a
2368 2885 2590 2922 romano

518 2965 774 3034 pontifice
815 2966 931 3019 sive
957 2966 1033 3018 uti
1072 2967 1298 3019 rationis
1336 2985 1469 3020 vera
1508 2967 1623 3019 sive
1651 2973 1710 3018 ut
1734 2964 1928 3018 iisdem
1956 2964 2206 3035 opposita
2230 2962 2589 3030 declarantur,

518 3078 617 3113 sua
654 3060 900 3113 doctrina
938 3060 1307 3132 comprobare,
1349 3063 1396 3113 si
1432 3061 1680 3132 primum,
1724 3060 1771 3112 si
1807 3058 2053 3127 alterum,
2095 3058 2391 3114 confutare.

692 3153 1049 3208 Corollarium
1086 3155 1182 3210 IV.
1215 3154 1476 3223 Scilicet,
1535 3162 1595 3208 ut
1646 3173 1854 3207 summa
1904 3153 2166 3225 brevique
2205 3152 2407 3206 dicam:
2450 3151 2590 3205 sicut

518 3247 748 3318 quilibet
772 3247 1096 3303 christianus
1122 3248 1281 3303 homo
1310 3269 1408 3321 per
1433 3249 1763 3320 baptismum
1789 3248 2015 3320 factus1)
2045 3247 2247 3302 Christi
2270 3245 2585 3318 discipuluS,

515 3361 614 3413 per
650 3345 986 3414 magistrum,
1045 3346 1139 3416 qui
1177 3332 1264 3398 est
1298 3363 1553 3415 suprema
1590 3363 1654 3397 ac
1691 3343 2028 3397 inmutabilis
2069 3343 2272 3397 veritas
2317 3358 2588 3414 quemque
2625 3340 2629 3343 ⁴

516 3439 671 3509 sequi
707 3446 790 3491 est
825 3438 1115 3510 pollicituS,
1169 3439 1239 3492 ad
1277 3448 1484 3492 certum
1539 3458 1605 3492 ac
1659 3438 2035 3492 inmutabilem
2091 3438 2478 3492 determinatur
2533 3443 2587 3490 et

514 3531 822 3585 devincitur
860 3532 1151 3603 cogitandi,
1191 3532 1462 3586 sentiendi
1500 3532 1866 3604 loquendique
1905 3533 2148 3586 ordinem
2167 3532 2211 3604 2)
2241 3531 2586 3603 quodicatur

514 3643 578 3677 ac
618 3626 687 3678 sit
722 3645 853 3680 vere
890 3626 1243 3680 christianus:
1280 3628 1357 3680 ita
1396 3628 1603 3697 positus
1624 3646 1657 3679 a
1678 3624 1892 3680 Christo
1931 3627 2049 3698 ipso
2072 3628 2128 3680 in
2153 3628 2311 3680 terris
2331 3625 2584 3688 vicarius,

688 3875 723 3932 ¹)
753 3877 806 3917 Id
821 3874 1039 3928 significat
1053 3874 1223 3929 phrasis
1238 3873 1563 3929 μαθητεύσατε
1575 3873 1892 3927 βαπτίζοντες,
1908 3873 2171 3928 baptizando
2187 3872 2317 3914 facite
2330 3872 2578 3927 disprulos.

687 3948 723 4006 2>
753 3949 798 3991 Is
828 3949 1091 4005 respondeat
1121 3947 1378 3991 elevationis
1408 3961 1514 3992 suae
1545 3947 1699 4002 ordini,
1729 3947 1962 4003 principio,
1978 3946 2067 3988 *fini
2096 3949 2228 4001 atque
2257 3945 2426 3991 mediis.
