2716 4446
1417 102 1488 111 —
1539 69 1756 128 114-

724 218 795 270 11.
824 215 968 287 apud
995 213 1222 267 eandem
1253 213 1423 267 solam
1449 213 1732 285 potestatis
1759 230 1880 266 esse
1899 214 2205 285 primatum,
2227 232 2260 268 a
2279 216 2432 270 cuius
2456 217 2627 289 pleni·

552 311 738 365 tudine
797 307 1124 380 episcopalis
1181 307 1312 361 ordo
1359 308 1604 378 regimen
1654 307 1836 377 gregis
1876 308 1960 360 sui
1987 306 2028 379 ¹)
2087 308 2318 362 sortitur.
2392 309 2629 365 Rursum

724 401 824 455 ΙΙΙ.
882 401 1028 472 apud
1082 400 1233 454 illam
1272 419 1392 453 esse
1453 400 1690 471 supremi
1745 400 1980 454 doctoris
2021 402 2388 455 authenticum
2423 410 2478 456 et
2513 403 2630 457 uni·

553 495 765 551 versale
802 496 1190 565 magisterium,
1250 494 1337 546 cui
1394 512 1503 546 una
1559 511 1745 546 omnes
1802 512 1866 546 ac
1924 495 2125 565 singuli
2163 514 2406 549 seorsum
2442 495 2632 551 fideles

556 590 779 644 obnoxii
820 595 959 642 sunt.
1033 587 1171 640 Item

728 682 824 738 lV.
854 700 974 735 esse
1001 681 1146 751 apud
1172 699 1290 734 eam
1316 680 1625 734 universale
1653 689 1707 734 et
1733 681 2104 735 authenticum
2132 683 2371 754 supremi
2395 681 2634 736 officium

557 777 817 848 pastoris,
878 777 973 846 qui
1029 793 1159 828 oves
1219 774 1379 828 simul
1417 782 1471 828 et
1508 793 1678 845 agnos
1718 782 1866 828 certa
1904 777 1992 828 via
2030 775 2100 828 ad.
2138 775 2395 829 salutaria
2430 792 2636 847 pascua

559 870 723 923 ducit.
798 869 1095 921 Praeterea

731 961 798 1016 V.
839 962 986 1032 apud
1023 961 1166 1014 hanc
1206 961 1392 1015 sedem
1433 981 1552 1015 esse
1594 981 1864 1015 summum
1909 963 2310 1033 pontificatum,
2351 981 2457 1035 quo
2497 963 2639 1016 sacri

560 1058 849 1111 ministerii
874 1057 1010 1109 ritus
1038 1055 1418 1127 solemnesque
1445 1057 1819 1109 caeremoniae
1845 1075 1943 1128 pro
1969 1063 2082 1110 tota
2109 1054 2311 1110 Christi
2337 1054 2570 1111 ecclesia
2591 1056 2638 1129 ²)

742 1319 774 1375 ¹)
806 1320 875 1361 Ad
906 1320 1020 1360 hanc
1052 1320 1270 1360 actionem
1301 1321 1494 1374 respexit
1533 1333 1602 1373 ap.
1633 1319 1726 1359 Mai
1755 1318 1810 1360 N.
1842 1319 1934 1362 PP.
1964 1319 2018 1363 B.
2057 1323 2090 1363 t.
2121 1319 2222 1363 V11.
2254 1332 2349 1373 par.
2380 1319 2461 1360 ΙΙΙ.
2491 1333 2536 1374 p.
2568 1317 2640 1362 31.

304 1393 450 1427 B⁰⁷²²'²⁰·
565 1397 732 1437 Bonizo
765 1408 835 1447 ep.
868 1396 1058 1446 excerpt.
1090 1393 1118 1432 1.
1151 1393 1227 1433 IV.
1260 1406 1302 1433 n.
1338 1390 1408 1436 61.
1441 1393 1518 1433 ubi
1547 1392 1603 1432 ad
1636 1391 2030 1444 „Mediolanenses,
2062 1392 2138 1446 qui
2167 1392 2288 1433 fastu
2317 1392 2547 1447 superbiae
2575 1392 2642 1433 in-

565 1469 656 1508 flati
688 1480 812 1507 suam
844 1465 995 1505 dicunt
1026 1464 1256 1504 ecclesiam
1286 1477 1377 1505 non
1407 1478 1434 1505 a
1466 1465 1595 1504 Petro
1627 1476 1710 1504 nec
1751 1477 1778 1504 a
1809 1464 1899 1504 suis
1941 1464 2268 1505 successoribus
2291 1495 2303 1507 .
2327 1495 2339 1507 .
2363 1494 2374 1506 .
2405 1464 2644 1518 sumpsisse

263 1552 442 1584 Innocens.
475 1549 504 1581 Ι.
568 1539 820 1590 exordium„
854 1536 1181 1590 redarguendos
1219 1536 1365 1576 verbis
1406 1537 1543 1576 utitur
1588 1536 1727 1576 sancti
1766 1536 2013 1589 Innocentii
2056 1535 2094 1579 Ι.
2125 1550 2195 1590 ep.
2225 1536 2366 1580 XXV.
2397 1534 2440 1579 2.
2471 1535 2529 1577 ad
2555 1536 2645 1578 De-

569 1613 758 1653 centium
789 1609 1042 1650 scribentis:
1076 1607 1213 1659 „Quis
1245 1609 1358 1647 enim
1391 1608 1532 1647 nescit
1560 1611 1637 1648 aut
1666 1619 1751 1647 non
1784 1611 1993 1659 autumat,
2023 1608 2070 1648 id
2101 1608 2217 1662 quod
2247 1622 2274 1650 a
2302 1609 2499 1663 principe
2527 1608 2645 1664 Apo-

568 1684 780 1725 stolorum
823 1682 955 1721 Petro
1001 1692 1206 1720 romanae
1254 1679 1468 1720 ecclesiae
1514 1679 1723 1720 traditum
1767 1684 1847 1731 est,
1894 1693 1947 1721 ac
1987 1693 2105 1721 nunc
2134 1693 2275 1734 usque
2305 1681 2562 1734 custoditur,
2589 1681 2647 1723 ab

570 1756 772 1797 omnibus
804 1754 963 1794 debere
995 1753 1183 1803 servari;
1224 1765 1307 1793 nec
1349 1751 1584 1806 superduci
1620 1752 1692 1793 vel
1731 1753 1950 1793 introduci
1989 1753 2156 1806 aliquid
2197 1753 2314 1807 quod
2343 1755 2647 1796 auctoritatem

570 1842 658 1869 non
688 1827 861 1878 habeat,
892 1830 969 1866 aut
998 1825 1174 1865 aliunde
1204 1826 1406 1878 accipere
1427 1825 1628 1866 videatur
1648 1826 1925 1879 exemplum?
1958 1826 2222 1867 Praesertim
2253 1839 2352 1867 cum
2370 1826 2648 1868 manifestum

572 1902 641 1952 sit,
672 1902 719 1940 in
750 1911 923 1939 omnem
955 1898 1128 1948 Italian,
1163 1897 1344 1949 Gallias,
1375 1898 1627 1951 Hispanias,
1669 1898 1863 1940 Africam
1903 1888 2035 1952 atque
2079 1899 2272 1941 Siciliam
2302 1899 2554 1953 insulasque
2581 1899 2648 1940 in-

572 1973 836 2014 teriacentes
867 1970 1036 2010 nullum
1066 1969 1308 2010 instituisse
1340 1969 1550 2010 ecclesias
1581 1970 1670 2010 nisi
1701 1983 1789 2021 eos,
1823 1983 1932 2023 quos
1953 1971 2216 2012 venerabilis
2235 1970 2471 2025 Apostolus
2491 1971 2650 2012 Petrus

573 2050 649 2085 aut
679 2044 774 2084 eius
806 2053 1084 2082 successores
1117 2042 1423 2082 constituerint
1455 2042 1749 2095 sacerdotes„
1779 2042 1916 2096 Atqui
1953 2043 2068 2084 idem
2098 2043 2216 2085 valet
2245 2043 2300 2084 de
2329 2043 2545 2084 universis
2574 2056 2654 2097 per

237 2122 532 2160 Zachariaspap,
575 2117 724 2158 orbem
756 2115 1004 2156 constitutis
1037 2113 1253 2158 ecelesiis.
1287 2115 1354 2155 Ita
1386 2114 1439 2155 de
1471 2114 1732 2156 Germaniae
1762 2116 1959 2170 partibus
1989 2115 2100 2157 haec
2130 2119 2232 2157 sunt
2261 2129 2296 2160 S.
2328 2115 2567 2157 Zachariae
2596 2114 2655 2156 ad

575 2203 609 2230 s.
642 2188 945 2229 Bonifaciumt
979 2186 1075 2239 „De
1108 2187 1324 2240 episcopis
1357 2200 1460 2228 vero
1492 2188 1856 2242 metropolitanis,
1889 2188 1934 2228 id
1963 2192 2030 2229 est
2052 2188 2273 2242 Grimone,
2296 2201 2426 2243 quem
2454 2200 2536 2229 nos
2564 2181 2654 2229 iam

576 2265 847 2315 compertum
878 2259 1105 2309 habemus,
1138 2261 1182 2298 et
1213 2258 1266 2299 de
1298 2259 1410 2299 Abel
1442 2263 1485 2299 et
1513 2259 1733 2311 Artberto‚
1759 2273 1868 2314 quos
1899 2274 1978 2315 per
1996 2273 2351 2315 unamquamque
2381 2259 2655 2314 metropolim

574 2347 651 2388 per
680 2333 929 2387 provincias
961 2330 1237 2381 constituisti,
1269 2330 1348 2371 hos
1378 2344 1457 2384 per
1486 2335 1610 2372 tuum
1638 2332 1935 2373 testimonium
1967 2332 2288 2386 confirmamus,
2319 2336 2364 2374 et
2389 2331 2525 2386 pallia
2553 2331 2654 2374 diri·

576 2407 718 2460 gimus
749 2406 806 2446 ad
836 2418 986 2446 eorum
1016 2404 1310 2445 firmissimam
1342 2405 1623 2445 stabilitatem
1655 2409 1698 2446 et
1721 2405 1942 2447 ecclesiae
1972 2406 2058 2447 Dei
2087 2410 2382 2461 augmentum,
2411 2408 2462 2447 ut
2488 2405 2536 2446 in
2563 2416 2653 2446 me-

274 2480 436 2511 Paschaz.
464 2479 517 2512 11.
575 2479 675 2519 liori
703 2478 940 2532 proficiant
971 2481 1132 2529 statu„
1168 2462 1286 2518 Sane
1319 2478 1393 2530 „in
1423 2478 1570 2531 pallio,
1602 2478 1755 2519 scribit
1774 2477 1998 2519 Paschalis
2019 2479 2078 2519 ΙΙ.
2110 2478 2166 2519 ad
2195 2478 2385 2532 archiep.
2406 2477 2560 2520 Polon.
2584 2489 2654 2530 ap.

575 2551 737 2592 Baron.
769 2550 826 2590 ad
857 2563 927 2592 an.
963 2547 1091 2593 1102.
1123 2550 1349 2603 plenitudo
1384 2550 1638 2591 conceditur
1666 2550 1929 2605 pontificalis
1960 2550 2094 2591 officii
2124 2551 2228 2603 quia
2254 2551 2377 2591 iuxta
2405 2549 2521 2592 sedis
2550 2561 2655 2604 apo-

577 2623 757 2664 stolicae
804 2626 847 2663 et
886 2622 1021 2662 totius
1063 2623 1277 2663 ecclesiae
1321 2624 1681 2664 consuetudinem
1713 2627 1815 2664 ante
1845 2627 2076 2677 acceptum
2102 2622 2283 2676 pallium
2312 2620 2656 2675 metropolitanis

577 2695 756 2735 minime
786 2694 890 2734 licet
921 2698 997 2734 aut
1029 2695 1257 2748 episcopos
1290 2708 1547 2737 consecrare
1578 2701 1655 2737 aut
1674 2697 1887 2750 synodum
1911 2696 2158 2748 celebrare„
2192 2694 2244 2735 de
2269 2693 2427 2748 quibus
2446 2706 2516 2747 ap.
2538 2695 2654 2734 auct.

578 2766 805 2810 inextinct.
838 2779 960 2806 conc.
992 2766 1095 2810 trid.
1127 2767 1252 2810 verit.
1284 2767 1314 2811 l.
1349 2781 1386 2811 c.
1420 2782 1462 2812 a.
1494 2769 1573 2809 111.
1606 2769 1718 2822 disq.
1751 2768 1793 2812 9.
1826 2770 1865 2820 ἓ.
1889 2767 1933 2812 3.
1963 2782 2036 2822 pp.
2067 2765 2169 2810 534.
2201 2780 2298 2820 sqq.
2329 2766 2442 2819 disq.
2477 2762 2548 2808 10.
2578 2777 2654 2818 pP.

579 2836 680 2882 547.
694 2851 788 2892 sqq.
803 2838 898 2879 coll.
910 2837 1070 2881 Christ.
1084 2839 1198 2892 Lup.
1211 2840 1348 2884 schol.
1363 2841 1420 2882 ad
1431 2854 1529 2894 syn.
1544 2841 1668 2885 VIII.
1683 2855 1782 2895 gen.
1798 2855 1892 2883 can.
1905 2842 2088 2886 XXVII.
2105 2854 2203 2895 opp.
2215 2844 2247 2884 t.
2258 2839 2342 2882 ΙΙΙ.
2355 2852 2429 2893 pp,
2441 2835 2542 2880 315.
2558 2850 2656 2892 sqq.

242 2926 380 2967 Lim-9.
399 2925 559 2957 variatae.
756 2908 791 2962 2)
824 2910 1201 2959 Quemadmodum
1242 2916 1415 2952 veteres
1455 2913 1661 2967 liturgiae
1703 2918 1793 2955 tam
1835 2914 2068 2955 orientales
2108 2926 2238 2966 quam
2278 2909 2571 2953 occidentales
2599 2909 2658 2952 sd

579 2987 780 3025 auctores
811 2983 1045 3037 Apostolos
1077 2988 1353 3037 revocantur,
1384 2986 1446 3026 ita
1478 2999 1591 3040 quae
1623 2987 1864 3040 apostolica
1893 2987 2019 3028 sedes
2051 2981 2149 3026 κατ’
2184 2976 2344 3039 ἐξοχὴν
2374 2986 2441 3024 est
2467 2995 2522 3024 ac
2549 2981 2657 3025 dici·

579 3061 662 3108 tur,
694 3056 820 3097 sedes
851 3057 1031 3109 inquam
1061 3069 1256 3109 romana,
1303 3071 1356 3098 ea
1400 3059 1562 3111 pariter
1607 3063 1686 3111 est,
1732 3059 1848 3113 apud
1894 3072 2024 3113 quam
2070 3071 2175 3100 cura
2212 3057 2330 3098 illius
2360 3060 2492 3109 atque
2519 3051 2658 3095 tutela

581 3143 752 3183 semper
781 3132 873 3170 erat
904 3133 1038 3182 atque
1068 3133 1230 3170 manet.
1274 3129 1392 3170 Hinc
1431 3143 1612 3172 romana
1652 3132 1840 3173 ecclesia
1871 3144 2128 3185 graecorum
2159 3126 2219 3170 τοὶ
2251 3130 2336 3182 ἔθη
2366 3140 2395 3168 a
2422 3126 2658 3167 latinorum

582 3203 736 3243 ritibus
770 3202 944 3242 diversa
975 3214 1198 3254 nunquam
1244 3202 1507 3256 inprobavit,
1541 3203 1774 3244 dummodo
1805 3203 1939 3244 salvis
1970 3202 2182 3244 ecclesiae
2213 3199 2452 3243 canonibus
2482 3209 2657 3240 exerce-

283 3285 453 3316 Nicolam
479 3284 511 3318 Ι.
583 3277 747 3316 rentur.
793 3274 863 3314 Ita
906 3273 961 3313 ab
1007 3273 1198 3314 exordiis
1248 3275 1452 3317 Photiani
1496 3276 1708 3317 tumultus
1753 3275 1963 3317 Nicolaus
1993 3275 2029 3318 1.
2061 3274 2188 3327 epist.
2219 3272 2276 3313 ad
2305 3271 2510 3312 Photium
2539 3269 2656 3320 data,

585 3359 699 3399 quae
730 3349 797 3385 est
826 3345 872 3385 in
920 3345 1105 3385 concilio
1138 3348 1616 3401 constantinopolitano
1645 3348 1723 3389 IV.
1752 3351 1837 3390 act.
1871 3345 1912 3389 4.
1944 3346 2020 3387 ubi
2049 3346 2158 3386 haec
2187 3358 2257 3399 ap.
2287 3343 2502 3385 Harduin.
2533 3345 2566 3386 t.
2601 3341 2656 3385 V.

587 3432 629 3471 p.
649 3415 750 3460 814.
781 3417 1043 3458 fortissimus
1075 3417 1151 3458 ille
1181 3419 1505 3461 ecclesiasticae
1535 3421 1799 3473 integritatis
1830 3418 1991 3460 vindex
2019 3418 2092 3459 isti
2121 3418 2241 3471 pacis
2270 3414 2564 3471 perturbatori
2590 3425 2659 3456 re-

588 3488 797 3543 spondet:
839 3488 937 3540 „De
970 3490 1360 3532 consuetudinibus
1392 3492 1581 3545 quidem,
1627 3505 1735 3546 quas
1766 3492 1892 3532 nobis
1923 3503 2142 3545 opponere
2171 3489 2256 3530 visi
2284 3488 2388 3530 estis
2419 3487 2657 3530 scribentes

587 3574 665 3615 per
695 3561 889 3600 diversas
921 3561 1131 3602 ecclesias
1162 3562 1357 3604 diversas
1399 3577 1496 3605 esse
1537 3564 1886 3614 consuetudines,
1931 3564 1970 3603 si
1998 3561 2086 3603 illis
2116 3560 2329 3602 canonica
2357 3572 2447 3600 non
2475 3557 2660 3600 obsistat

589 3632 841 3683 auctoritas,
871 3644 951 3685 pro
983 3645 1070 3685 qua
1100 3634 1163 3674 eis
1195 3635 1373 3677 obviare
1403 3636 1653 3687 debeamus,
1683 3636 1746 3676 nil
1775 3635 2016 3676 iudicamus
2037 3632 2110 3674 vel
2130 3633 2194 3674 eis
2222 3631 2506 3682 resistimus„
2539 3629 2656 3680 Quin

590 3706 721 3746 immo
750 3707 921 3744 tantum
950 3704 1092 3745 abfuit
1129 3719 1311 3748 romana
1355 3709 1558 3760 ecclesia,
1599 3713 1650 3750 ut
1689 3707 1924 3750 orientales
1953 3720 1981 3748 a
2009 3719 2089 3747 suo
2117 3704 2294 3759 proprio
2322 3702 2518 3744 diversos
2545 3700 2655 3742 ritus

592 3775 847 3831 iDPPObafi‘fi,
878 3778 928 3815 ut
970 3775 1070 3817 illos
1114 3780 1246 3821 etiam
1291 3783 1549 3824 auctoritate
1594 3794 1675 3823 sua
1717 3784 1892 3823 sanctos
1931 3779 2119 3821 voluerit
2146 3789 2229 3819 nec
2270 3788 2299 3817 a
2328 3773 2534 3829 quopiam
2562 3772 2654 3813 vio-

235 3857 397 3889 Lateran.
410 3857 473 3890 IV·
486 3865 579 3891 eone.
593 3846 764 3890 landOS·
810 3851 912 3902 Huc
955 3861 1071 3902 enim
1115 3861 1314 3914 spectant
1356 3859 1521 3898 statuta
1564 3855 1611 3897 in
1648 3852 1916 3896 lateranensi
1944 3848 2131 3893 concilio
2158 3848 2238 3894 IV.
2270 3860 2309 3889 c.
2337 3844 2382 3891 4.
2413 3845 2495 3888 sub
2524 3845 2655 3887 Inno-
