2716 4446
1383 172 1732 238 „md

517 316 659 374 hanc
697 338 851 374 suam
889 315 1173 373 ecclesiam
1215 329 1476 392 spectant.
1549 322 1712 392 Regit
1767 329 1948 375 autem
2003 339 2192 375 omnes
2247 332 2300 377 et
2350 323 2590 398 singulos

518 412 745 466 adlectis
809 409 913 465 sibi
990 411 1359 485 adhibitisque
1442 416 1498 467 in
1562 414 1888 467 adiutorium
1951 416 2211 469 ministris
2238 417 2279 489 ¹)
2362 437 2590 490 quorum

516 505 609 559 alii
647 505 769 558 aliis
807 505 996 559 ordine
1034 506 1321 560 inferiores
1361 516 1487 560 sunt
1524 526 1589 560 ac
1627 507 1919 578 dignitate,
1979 528 2207 581 quorum
2258 512 2454 583 cuique
2493 532 2591 568 sua

516 600 752 670 inposita
789 599 994 669 officia,
1036 619 1135 653 sua
1171 601 1289 654 iura
1327 601 1544 670 tributa,
1585 611 1748 673 atque
1776 610 2014 673 potestas
2042 604 2240 657 collata
2266 605 2380 658 sive
2419 624 2484 659 ea
2521 606 2591 660 ad

517 711 672 746 sacra
708 692 1023 764 cultumque
1063 693 1309 747 divinum
1347 695 1643 765 pertineat,
1697 697 1812 750 sive
1851 696 1922 749 ad
1959 698 2318 767 perficiendos
2357 707 2590 769 sanctos,

518 785 706 857 quales
745 805 778 839 a
813 786 984 840 Paulo
1023 794 1290 842 vocantur
1327 807 1514 842 omnes
1556 790 1865 861 quicunque
1891 789 2018 844 fidei
2046 798 2381 846 sacramento
2419 792 2591 848 abluti

514 897 867 952 normamque
907 889 1216 954 sequenteS,
1256 900 1443 936 veram
1483 880 1686 936 Christi
1724 882 2012 937 ecclesiam
2051 885 2399 943 constituunt.

687 1011 774 1067 31.
798 1010 945 1065 Ecce
971 1012 1154 1084 itaque
1182 1014 1445 1083 portionis
1472 1011 1877 1066 ecclesiasticae
1903 1013 2237 1084 praesulem:
2265 1035 2410 1088 apex
2434 1018 2490 1071 in
2520 1036 2584 1072 eo

516 1105 804 1159 sacerdotii
863 1107 1006 1159 inest
1062 1125 1127 1160 ac
1182 1106 1330 1160 fons:
1403 1114 1547 1161 totus
1623 1106 1692 1160 ab
1762 1107 1881 1177 ipso
1945 1108 2314 1162 ministrorum
2340 1109 2384 1182 ⁹)
2458 1110 2588 1166 ordo

512 1199 880 1254 hierarchicus
917 1201 1145 1272 pendet,
1203 1202 1580 1273 proficiscitur,
1631 1202 1771 1256 vivit
1809 1209 1862 1255 et
1918 1202 2061 1272 agitt
2099 1221 2200 1274 per
2235 1204 2415 1273 ipsum
2453 1204 2589 1258 adeo

513 1294 747 1348 mediate
785 1295 1207 1367 immediateque
1245 1302 1360 1349 tum
1398 1296 1899 1367 praestantissimus
1938 1295 2059 1350 Deo
2099 1296 2355 1350 tribuitur
2393 1297 2586 1366 cultus,

511 1396 627 1442 tum
663 1388 842 1442 fidelis
879 1389 1112 1461 populus
1153 1392 1322 1444 sacris
1359 1391 1634 1462 mysteriis
1673 1389 1932 1443 imbuitur
1971 1399 2025 1444 et
2063 1391 2444 1448 sanctificatur.
2500 1390 2588 1445 En

512 1481 851 1536 hierarcham
889 1483 1110 1552 ordinis,
1150 1502 1248 1554 per
1286 1502 1448 1555 quem
1486 1484 1673 1538 divina
1699 1485 1874 1536 omnis
1901 1485 2234 1544 consecratio
2261 1486 2319 1538 in
2344 1484 2589 1539 homines

513 1577 824 1647 effunditur,
862 1585 916 1632 et
955 1579 1071 1632 sine
1111 1597 1215 1650 quo
1256 1578 1494 1632 humana
1531 1577 1680 1631 nulla
1718 1580 2053 1631 consecratio
2093 1578 2163 1631 ad
2188 1578 2368 1632 Deum
2406 1577 2588 1632 debite

514 1673 765 1743 assurgit.
843 1672 953 1726 Sed
1006 1691 1136 1726 ecce
1194 1672 1347 1726 illum
1403 1672 1702 1726 identidem
1758 1671 2097 1725 hierarcham
2167 1672 2588 1726 iurisdictionis:

509 1765 695 1819 missio
732 1766 791 1818 in
829 1784 891 1819 eo
930 1765 1231 1837 apostolica
1268 1766 1464 1819 emicat
1503 1766 1572 1820 ad
1610 1766 1957 1819 commissum
1986 1765 2090 1819 sibi
2115 1785 2338 1837 gregem
2362 1785 2587 1838 pascen-

509 1857 668 1912 dum:
727 1861 843 1913 eius
899 1867 1166 1931 potestate
1223 1878 1436 1912 rursum
1492 1861 1608 1914 sive
1672 1859 1906 1913 mediate
1957 1860 2073 1913 sive
2130 1859 2441 1912 immediate
2499 1878 2587 1914 res

512 1958 821 2006 statuuntur
859 1954 1163 2022 universae,
1223 1960 1277 2006 et
1316 1960 1510 2006 cuncta
1562 1953 1920 2025 disponuntur
1970 1971 2109 2024 quae
2167 1953 2239 2006 ad
2277 1953 2586 2025 augendum

506 2044 618 2099 Dei
674 2046 906 2115 cultum,
965 2047 1035 2100 ad
1088 2047 1513 2118 promovendam
1569 2045 1848 2100 hominum
1905 2046 2389 2100 sanctificationem
2446 2046 2581 2100 ordi-

507 2157 741 2212 nemque
798 2139 1229 2194 ecclesiasticum
1284 2139 1676 2211 perficiendum
1733 2137 2070 2194 conducunt:
2128 2141 2446 2194 auctoritate
2503 2140 2588 2194 sui

507 2234 808 2305 magisterii
846 2254 955 2289 una
993 2242 1240 2289 servatur
1277 2234 1616 2288 credentium
1640 2233 1685 2305 3)
1736 2252 1890 2287 mens
1930 2253 1994 2287 ac
2034 2235 2331 2303 sententia,
2391 2237 2584 2306 suique

505 2329 827 2383 auctoritate
865 2330 1147 2400 regiminis
1186 2347 1364 2383 mores
1403 2328 1684 2382 christiani
1710 2328 2086 2382 custodiuntur
2111 2337 2273 2400 atque
2300 2328 2587 2399 disciplina

505 2421 878 2477 ecclesiastica
926 2426 1070 2478 inter
1106 2423 1350 2477 fidelium
1381 2422 1782 2477 multitudinem
1828 2432 1972 2476 sarta
2021 2430 2164 2476 tecta
2219 2429 2582 2476 conservatur.

144 2511 337 2546 ommam*
375 2513 486 2555 “W‘-
502 2515 649 2570 Hinc
703 2518 934 2588 insignis
972 2517 1068 2570 illa
1104 2519 1425 2589 proponitur
1481 2517 1724 2587 episcopi
1773 2517 1946 2570 forma
1969 2518 2038 2584 4):
2114 2515 2257 2586 „Qui
2296 2503 2582 2589 episcopus

504 2614 614 2682 ests,
671 2610 761 2664 hic
817 2611 973 2666 verbi
1029 2619 1111 2666 est
1161 2612 1432 2679 minister,
1492 2611 1750 2664 scientiae
1797 2619 2005 2678 custos,
2063 2609 2330 2664 mediator
2364 2610 2475 2665 Dei
2530 2619 2584 2665 et

507 2949 722 3006 quaedam
767 2948 1079 2991 iurisdictionis
1125 2946 1429 3000 dioecesisque
1466 2958 1583 3001 pars,
1625 2946 1784 2988 minori
1830 2945 2173 2989 cohabitantium
2217 2944 2410 2989 fidelium
2451 2948 2579 2990 coetu

506 3026 725 3074 constans,
758 3021 830 3062 cui
861 3020 1066 3062 sacerdos
1097 3018 1283 3060 secundi
1313 3018 1477 3059 ordinis
1507 3022 1691 3072 accepta
1729 3019 1784 3060 ab
1816 3019 2021 3073 episcopo
2050 3023 2265 3073 potestate
2295 3020 2471 3074 praesit,
2501 3033 2578 3061 vo-

506 3095 598 3136 cari
627 3098 728 3148 apte
758 3089 984 3149 παροικία
1013 3091 1165 3145 possit,
1211 3094 1254 3131 et
1298 3103 1452 3144 reapse
1496 3091 1559 3131 ita
1602 3094 1811 3146 vocetur3
1858 3092 1933 3132 ubi
1978 3096 2126 3133 tamen
2154 3091 2200 3145 b)
2231 3091 2578 3133 animadvertere

505 3170 691 3221 oportet,
733 3178 833 3206 cum
871 3161 1120 3220 παροικίας
1148 3164 1324 3204 nomine
1370 3175 1423 3203 ac
1462 3163 1509 3203 vi
1539 3175 1693 3203 vocem
1722 3162 1956 3216 parochiae
2001 3164 2112 3204 nihil
2142 3177 2371 3206 commu-ne
2400 3163 2576 3208 habere.

504 3238 701 3279 Tandem
733 3235 802 3280 10.
832 3239 1026 3291 apparet,
1057 3237 1104 3276 in
1134 3248 1225 3276 non
1252 3235 1405 3288 paucis
1445 3234 1502 3275 ad
1540 3248 1583 3278 V.
1630 3232 1854 3290 παροικία
1885 3235 2194 3288 castigandum
2224 3247 2320 3277 esse
2350 3234 2578 3277 Suicerum

501 3314 593 3352 tam
622 3311 670 3351 in
697 3310 752 3351 iis
784 3321 895 3363 quae
925 3308 1079 3349 statuit
1107 3310 1241 3360 atque
1271 3306 1475 3358 affirmat,
1517 3319 1648 3360 quam
1680 3320 1793 3360 quae
1823 3308 2027 3361 inprobat
2056 3321 2110 3348 ac
2139 3311 2286 3362 negat.

680 3381 713 3437 ¹)
749 3381 818 3426 Cf.
831 3394 1005 3423 rursum
1023 3380 1283 3435 praestituta
1298 3379 1498 3433 superius
1515 3379 1570 3420 de
1588 3379 1886 3420 ecclesiastica
1899 3378 2146 3420 hierarchia
2160 3383 2251 3420 tam
2268 3378 2432 3420 ordinis
2445 3391 2576 3432 quam

500 3453 827 3506 iurisdictionis,
868 3454 992 3495 cuius
1037 3466 1186 3493 veram
1226 3452 1439 3493 rationem
1479 3464 1533 3492 ac
1571 3451 1660 3491 vim
1699 3450 1925 3504 praeclare
1967 3451 2147 3504 exponit
2185 3463 2238 3491 ac
2267 3454 2414 3492 tuetur
2442 3450 2576 3494 Joan.

500 3526 664 3568 Devoti
691 3527 896 3569 instituta
929 3539 1025 3569 can.
1058 3529 1163 3569 tom.
1195 3525 1232 3567 Ι.
1264 3525 1330 3568 tit.
1363 3523 1406 3565 2.
1437 3523 1623 3577 Bolgeni
1654 3523 1829 3566 diatrib.
1862 3522 1978 3563 della
2007 3522 2238 3576 giurisdiz.
2271 3522 2515 3567 ecclesiast.

678 3597 714 3652 2)
745 3598 782 3642 Ι.
817 3597 918 3641 Cor.
950 3598 1028 3640 IV.
1061 3595 1101 3638 1.

677 3669 712 3722 3)
743 3670 843 3714 Act.
875 3671 951 3713 IV.
986 3667 1056 3711 32.
1090 3669 1188 3713 coll.
1220 3669 1279 3712 II.
1311 3667 1384 3712 44.

679 3740 711 3796 ⁴)
745 3741 997 3786 Constitutt.
1043 3746 1184 3796 apost.
1225 3741 1257 3786 1.
1290 3741 1349 3784 11.
1397 3755 1434 3783 c.
1465 3740 1536 3783 26.
1589 3737 1635 3782 ‘O
1681 3738 1938 3791 ἐπίσκοπος,
1983 3729 2121 3782 οὗτος
2159 3735 2300 3789 λόγου
2342 3733 2569 3787 διάκονος,

501 3810 696 3864 γνώσεώς
726 3812 885 3866 φύλαξ,
925 3812 1107 3868 μεσίτης
1153 3813 1270 3855 θεοῦ
1316 3812 1394 3854 καὶ
1431 3808 1550 3861 ὑμῶν
1592 3812 1636 3853 ἐν
1679 3815 1782 3855 ταῖς
1825 3809 1946 3868 πρός·
1977 3806 2124 3852 αὐτόν
2153 3806 2400 3866 λατρείαις·
2434 3798 2572 3852 οὗτος

502 3882 779 3929 διδάσκαλος
810 3881 1053 3938 εὐσεβείας·
1087 3876 1226 3928 οὗτος·
1254 3881 1371 3934 μετὰ
1403 3880 1517 3926 θεόν
1545 3880 1701 3940 πατὴρ
1747 3879 1883 3934 ὑμῶν,
1914 3879 1976 3923 δι’
2005 3876 2181 3925 ὕδατος
2210 3880 2287 3921 καὶ
2315 3877 2572 3928 πνεύματος·

503 3950 809 4011 ἀναγεννύσας
837 3952 956 4006 ὑμᾶς
987 3954 1050 4001 εἰς
1080 3953 1336 3998 υἱοθεσίαν·
1370 3945 1508 3999 οὗτος
1548 3950 1700 4012 ἄρχων
1732 3953 1808 3994 καὶ
1838 3949 2086 4009 ἡγούμενος
2115 3950 2262 4002 ὑμῶν.
2283 3943 2420 3996 οὗτος·
2449 3948 2569 4002 ὑμῶν
