2716 4446
1059 128 1407 188 -85-

192 281 345 328 taxat
400 272 617 327 honoris
676 272 773 326 sed
799 272 841 344 ¹)
898 273 1210 345 potestatis3
1277 271 1447 326 multo
1509 289 1638 344 ergo
1683 270 1857 341 magis
1913 268 1970 322 id
2031 267 2140 321 dici
2202 264 2270 320 de

192 366 386 421 baculo
424 365 721 438 pontificali
759 365 937 421 debet.
1015 366 1169 433 Quae
1209 366 1428 438 quidem
1478 366 1810 437 argumentis
1871 363 2070 417 inferre
2134 379 2271 432 opus

191 478 299 514 non
337 467 446 528 est,
499 477 665 530 quum
704 458 869 512 iidem
908 459 987 512 illi
1028 460 1318 513 orientales
1343 461 1387 530 9)
1450 461 1666 513 disertis
1708 458 1890 512 verbis
1929 456 2074 510 hunc
2113 473 2270 509 oecu-
2312 468 2603 544 Neggfficrzlffium

191 553 524 608 menicorum
546 570 808 605 canonem
845 552 1157 606 subiiciant:
1193 554 1430 621 „Romae
1458 573 1688 624 magnae
1717 570 1978 606 concessa
2010 558 2092 604 est
2117 567 2268 621 prae-

193 646 440 701 cedentia
468 654 521 700 et
546 647 881 718 principatus
908 647 1304 717 patriarchatus
1332 656 1553 718 propter
1578 648 1713 700 duas
1735 645 2031 712 columnas,
2055 662 2194 715 quae
2214 644 2270 695 in

192 759 258 795 ea
283 742 490 812 positae
520 747 660 810 sunt,
689 740 926 809 Petrum,
954 742 1194 812 inquam,
1223 751 1386 813 caput
1411 741 1811 814 Apostolorum,
1834 748 1888 793 et
1910 738 2152 808 Paulum,
2177 737 2270 790 ille

154 860 159 869 ·
191 834 378 889 doctor
398 837 657 905 gentium.
686 834 757 887 Et
777 836 899 906 ipsa
926 843 1008 888 est
1036 836 1193 888 sedes
1222 838 1412 907 prima,
1437 844 1490 889 et
1509 837 1765 907 princeps
1787 833 2265 906 patriarcharum.„

363 929 447 985 81.
478 928 632 996 Quae
654 947 723 982 ex
747 929 1042 982 eorundem
1063 929 1405 983 orientalium
1429 931 1697 982 sententia
1715 929 1752 982 J
1755 929 1990 999 osephus
2010 926 2270 999 Aloysius

190 1023 524 1076 Assemanus
548 1023 649 1076 hac
669 1022 1066 1093 adnotationess)
1085 1023 1361 1094 praeclare
1400 1023 1656 1078 illustrat:
1701 1023 2033 1091 „Romanum
2059 1022 2270 1093 pontifi-

188 1135 308 1171 cem
336 1119 507 1171 sancti
533 1117 679 1171 Petri
708 1136 1078 1171 successorem
1105 1098 1426 1171 confitentur
1447 1117 1536 1172 vel
1563 1118 1668 1189 ipsi
1694 1117 2008 1185 nestoriani,
2038 1135 2270 1187 eumque

187 1210 614 1282 patriarcharum
653 1212 891 1265 omnium
932 1220 985 1265 et
1023 1211 1288 1265 ecclesiae
1329 1213 1618 1266 universae
1658 1220 1823 1282 caput
1861 1219 2180 1281 agnoscunt,
2213 1219 2273 1264 ut

189 1324 259 1358 ex
302 1305 600 1376 pontificali
639 1312 693 1358 et
730 1304 961 1358 Sobensi
1000 1305 1187 1376 liquet.
1261 1305 1452 1377 Neque
1504 1307 1795 1376 primatum
1837 1305 2011 1358 solum
2050 1305 2270 1357 honoris
2286 1334 2402 1377 moys,
2433 1336 2611 1368 amman.

187 1399 363 1452 eidem
401 1399 730 1467 adiudicant,
775 1400 870 1452 sed
910 1407 964 1453 et
1001 1400 1393 1454 iurisdictionis
1432 1401 1684 1472 propriae
1726 1399 1922 1467 dictae,
1964 1407 2017 1453 et
2044 1399 2267 1471 quidem

187 1493 244 1545 in
281 1500 447 1547 totam
485 1493 770 1548 ecclesiam
812 1513 876 1547 ac
915 1514 1080 1566 supra
1119 1496 1406 1566 episcopos
1447 1503 1501 1548 et
1526 1494 1882 1566 patriarchas,
1925 1496 2018 1566 qui
2046 1494 2268 1548 rOmano

188 1589 444 1659 episcopo
498 1588 754 1657 subsunt,
814 1607 920 1660 quo
980 1596 1139 1660 pacto
1198 1590 1333 1660 ipsis
1386 1589 1616 1643 subsunt
1672 1588 1886 1657 clerici,
1942 1587 2267 1660 presbyteri,

185 1683 459 1754 ceterique
496 1682 685 1736 fideles
726 1702 943 1736 suarum
982 1684 1323 1739 dioeceseon.
1399 1683 1598 1736 Lector
1637 1702 1889 1752 canoneS,
1931 1701 2067 1755 quos
2107 1701 2266 1735 oecu-

185 1777 427 1830 menicos
467 1784 520 1830 et
556 1776 829 1847 legitimos
868 1777 1073 1831 habent
1125 1785 1178 1830 et
1227 1779 1501 1848 recipiunt
1551 1776 1800 1830 chaldaei
1861 1785 1915 1830 et
1951 1778 2266 1844 nestoriani,

188 1869 434 1942 perlegat
455 1871 502 1942 4)
543 1878 597 1924 et
635 1873 766 1925 satis
807 1891 1077 1944 superque
1111 1872 1178 1925 de
1219 1874 1458 1943 ipsorum
1486 1872 1589 1926 hac
1615 1873 1670 1925 in
1695 1890 1754 1924 re
1783 1872 2050 1925 sententia
2076 1870 2267 1923 edoce-

186 1964 347 2020 bitur.
425 1965 571 2032 Quin
613 1984 674 2020 eo
715 1968 990 2037 progressi
1027 1966 1179 2019 fuere
1220 1967 1332 2038 syri
1376 1966 1624 2019 chaldaei
1664 1964 1928 2034 nonnulli,
1969 1972 2028 2018 ut
2058 1965 2266 2017 romani

186 2059 457 2130 pontificis
515 2062 834 2114 auctoritate
892 2069 946 2114 et
996 2060 1334 2114 ordinatione
1389 2079 1513 2114 suos
1552 2059 1888 2131 patriarchas
1927 2060 2199 2113 institutos
2224 2059 2267 2127 ⁵)
2317 2072 2600 2156 αοεῖιὴᾷἑνῗιεω-

186 2151 383 2206 dicant.
458 2153 665 2224 Joseph
704 2154 864 2207 indus
903 2156 959 2207 in
997 2155 1344 2225 navigatione
1372 2155 1500 2207 novi
1540 2153 1686 2206 orbis
1710 2154 1755 2224 6)
1795 2154 2158 2222 interrogatus
2198 2150 2267 2204 ab
2509 2138 2520 2151 ⁰

186 2245 503 2299 Alexandro
541 2245 637 2302 VI.
695 2265 802 2319 qua
840 2249 1160 2301 auctoritate
1199 2247 1502 2319 Babylonis
1562 2246 1869 2318 patriarcha
1907 2245 2262 2300 orientalibus

185 2340 497 2411 regionibus
553 2349 862 2412 praeesset,
927 2339 983 2394 in
1040 2342 1175 2395 haec
1238 2342 1407 2396 verba
1464 2342 1792 2412 respondet:
1861 2340 2041 2410 „Olim
2106 2341 2265 2394 divus

183 2434 375 2488 Petrus
397 2435 691 2506 Apostolus
718 2435 1042 2490 Antiochiae
1070 2437 1380 2508 praefectus
1406 2437 1533 2506 fuit3
1575 2445 1629 2490 et
1656 2455 1777 2489 cum
1807 2443 1994 2488 sancta
2020 2436 2267 2488 Romana

184 2528 416 2582 ecclesia
471 2529 762 2583 schismate
822 2530 1094 2583 laboraret
1132 2533 1300 2584 atroci
1344 2531 1482 2584 duce
1523 2528 1741 2583 Simone
1781 2549 1971 2601 magO,
2031 2532 2123 2602 qui
2183 2530 2265 2582 sui

185 2623 419 2676 nominis
482 2634 831 2680 monumenta
892 2625 1141 2697 reliquit,
1207 2633 1426 2679 sanctus
1488 2625 1683 2678 Petrus
1748 2625 2047 2677 accersitus
2111 2631 2194 2676 est
2218 2623 2263 2695 ⁷)

183 2715 427 2785 Romam‘,
468 2725 527 2770 ut
566 2718 842 2772 Simonem
882 2713 1264 2787 confunderet,
1307 2727 1360 2771 et
1399 2718 1773 2772 laborantibus
1812 2717 2121 2771 christianis
2157 2736 2265 2770 non

185 2810 413 2867 deesset.
486 2811 592 2865 Hic
631 2813 813 2884 itaque
843 2813 1034 2866 Petrus
1074 2831 1182 2866 non
1222 2814 1372 2884 prius
1399 2813 1561 2867 solvit
1586 2812 1878 2866 Antiochia
1904 2829 2262 2865 concessurus

185 2902 429 2974 Romam,
450 2924 610 2977 quam
633 2908 947 2980 vicariumss)
967 2908 1286 2961 Antiochiae
1306 2907 1686 2979 praefecisset:
1708 2913 1761 2959 et
1782 2907 1827 2959 is
1849 2914 1946 2974 est,
1971 2906 2063 2978 qui
2084 2908 2257 2959 orien-

187 3067 341 3108 ferenti
371 3081 564 3110 normam
595 3070 798 3112 credendi
829 3072 1001 3113 additus
1031 3073 1307 3127 praedicator
1336 3073 1475 3126 ipsius
1499 3081 1702 3114 normae:
1733 3070 1948 3124 principio
1975 3082 2028 3110 ac
2048 3067 2158 3109 fonti
2180 3080 2256 3121 po·

186 3140 354 3180 testatis
386 3134 515 3194 atque
545 3143 766 3196 regiminis
796 3144 991 3185 additum
1025 3158 1102 3186 vas
1133 3136 1357 3186 electionis
1389 3157 1441 3184 ac
1471 3156 1607 3197 prope
1652 3141 1831 3194 canalis,
1876 3140 1933 3182 ad
1978 3139 2261 3182 derivandam

186 3211 305 3252 illam
327 3225 402 3252 -ac
431 3212 476 3252 in
497 3226 597 3255 suos
622 3227 725 3255 usus
747 3215 1081 3268 diffundendam,
1115 3215 1544 3267 accommodandam,
1575 3214 1826 3268 aptandam.

287 3285 289 3287 ’
363 3283 396 3337 ¹)
426 3285 538 3327 Vide
568 3288 791 3340 superiora
822 3288 921 3332 coll.
954 3302 1105 3329 canon.
1144 3289 1316 3342 poenal.
1349 3301 1457 3342 quos
1490 3288 1687 3329 sobensis
1729 3286 1860 3327 habet
1892 3285 1922 3329 l.
1965 3299 2002 3329 c.
2034 3289 2090 3329 tr.
2138 3285 2259 3329 VIII.

181 3367 224 3399 v.
255 3354 326 3398 20.
358 3370 428 3410 ap.
459 3357 550 3399 Mai
581 3358 608 3400 l.
641 3373 676 3402 c.
708 3374 780 3413 pp.
815 3359 912 3405 149.
946 3375 1011 3415 sq.
1046 3366 1099 3405 tr.
1133 3361 1211 3403 IX.
1246 3375 1283 3404 c.
1317 3360 1360 3405 5.
1393 3361 1498 3405 ibid.
1532 3374 1605 3414 ΡΡ.
1655 3357 1752 3403 160.
1802 3372 1897 3412 sqq.
1945 3358 1998 3399 de
2044 3362 2260 3413 potestate

181 3427 477 3481 patriarchali,
509 3434 552 3472 et
581 3430 806 3474 Asseman.
839 3433 867 3473 l.
902 3448 937 3476 c.
970 3447 1014 3487 p.
1047 3432 1146 3476 230.
1179 3434 1327 3477 adnot.
1359 3432 1401 3477 6.

357 3499 393 3551 2)
426 3501 481 3544 cf.
514 3502 559 3545 J.
590 3501 642 3545 A.
674 3503 902 3546 Asseman.
936 3505 963 3548 l.
997 3519 1036 3548 c.
1068 3519 1141 3559 pp.
1175 3504 1274 3549 167.
1309 3519 1375 3559 sq.

357 3570 391 3625 3)
421 3560 532 3616 Ibid.
565 3574 752 3615 adnotat.
789 3573 833 3620 3.
865 3589 939 3630 pp.
973 3574 1073 3620 179.
1106 3591 1171 3630 sq.

359 3641 390 3694 ⁴)
420 3643 488 3684 Ex
519 3645 572 3685 iis
603 3645 730 3698 plura
759 3647 803 3686 in
834 3646 1023 3688 medium
1056 3648 1294 3700 attulimus,
1326 3648 1414 3688 alia
1444 3647 1786 3701 indigitavimus.

356 3712 392 3770 ⁵)
423 3715 523 3757 Huc
554 3718 774 3759 enimvero
805 3719 973 3759 faciunt
1003 3733 1116 3773 quae
1148 3734 1217 3773 ap.
1253 3721 1420 3760 Assem.
1452 3719 1480 3759 l.
1508 3733 1542 3761 c.
1578 3733 1619 3772 p.
1654 3717 1751 3761 168.
1784 3719 1947 3761 diserta
1966 3719 2199 3764 adduntur.

357 3783 390 3840 ⁶)
423 3786 530 3841 Cap.
567 3786 665 3830 133.

357 3855 390 3911 ⁷)
421 3857 487 3900 Of.
521 3862 760 3913 praemissa
790 3862 834 3902 in
865 3863 1046 3915 praefat.
1082 3876 1177 3916 sup.
1209 3862 1263 3902 ad
1296 3862 1370 3902 lib.
1402 3862 1436 3902 Ι.

351 3926 384 3983 ⁸)
417 3929 764 3984 Animadvertas‚
797 3946 944 3985 queso,
975 3933 1090 3973 hanc
1119 3933 1271 3972 vicarii
1301 3932 1458 3984 ideam,
1491 3945 1603 3987 quae
1633 3947 1731 3975 cum
1746 3935 2041 3989 patriarchatu
2070 3937 2253 3978 coniun-

194 3999 321 4055 gitur,
349 4001 465 4056 apud
495 4003 611 4057 ipsos
642 4004 773 4044 etiam
805 4004 1035 4045 orientales
1067 4004 1349 4058 frequentari.
