<?xml version="1.0" encoding="UTF-8"?>
<!DOCTYPE html PUBLIC "-//W3C//DTD XHTML 1.0 Transitional//EN"
    "http://www.w3.org/TR/xhtml1/DTD/xhtml1-transitional.dtd">
<html xmlns="http://www.w3.org/1999/xhtml" xml:lang="en" lang="en">
 <head>
  <title>
</title>
<meta http-equiv="Content-Type" content="text/html;charset=utf-8" />
  <meta name='ocr-system' content='tesseract 3.04.00' />
  <meta name='ocr-capabilities' content='ocr_page ocr_carea ocr_par ocr_line ocrx_word'/>
</head>
<body>
  <div class='ocr_page' id='page_1' title='image "a607958700schruoft_0772.png"; bbox 0 0 2716 4446; ppageno 0'>
   <div class='ocr_carea' id='block_1_1' title="bbox 1223 157 1575 218">
    <p class='ocr_par' dir='ltr' id='par_1_1' title="bbox 1223 157 1575 218">
     <span class='ocr_line' id='line_1_1' title="bbox 1223 157 1575 218; baseline 0.02 -22"><span class='ocrx_word' id='word_1_1' title='bbox 1223 157 1575 218; x_wconf 76' lang='lat'><strong>-530-</strong></span> 
     </span>
    </p>
   </div>
   <div class='ocr_carea' id='block_1_2' title="bbox 516 293 1026 350">
    <p class='ocr_par' dir='ltr' id='par_1_2' title="bbox 516 293 1026 350">
     <span class='ocr_line' id='line_1_2' title="bbox 516 293 1026 350; baseline 0.01 -5"><span class='ocrx_word' id='word_1_2' title='bbox 516 293 1026 350; x_wconf 86' lang='lat' dir='ltr'><strong>Democratia.</strong></span> 
     </span>
    </p>
   </div>
   <div class='ocr_carea' id='block_1_3' title="bbox 188 393 1350 521">
    <p class='ocr_par' dir='ltr' id='par_1_3' title="bbox 188 393 1350 521">
     <span class='ocr_line' id='line_1_3' title="bbox 188 393 1350 448; baseline 0.011 -13"><span class='ocrx_word' id='word_1_3' title='bbox 188 393 385 436; x_wconf 86' lang='lat' dir='ltr'><strong>Romana</strong></span> <span class='ocrx_word' id='word_1_4' title='bbox 414 396 557 438; x_wconf 89' lang='lat' dir='ltr'><strong>unitas</strong></span> <span class='ocrx_word' id='word_1_5' title='bbox 588 396 732 438; x_wconf 86' lang='lat' dir='ltr'><strong>aliena</strong></span> <span class='ocrx_word' id='word_1_6' title='bbox 762 401 828 439; x_wconf 90' lang='lat' dir='ltr'><strong>est</strong></span> <span class='ocrx_word' id='word_1_7' title='bbox 857 412 884 440; x_wconf 86' lang='lat' dir='ltr'><strong>a</strong></span> <span class='ocrx_word' id='word_1_8' title='bbox 912 399 1204 447; x_wconf 86' lang='lat' dir='ltr'><strong>Democratia.</strong></span> <span class='ocrx_word' id='word_1_9' title='bbox 1237 403 1288 448; x_wconf 90' lang='lat' dir='ltr'><strong>T.</strong></span> <span class='ocrx_word' id='word_1_10' title='bbox 1313 405 1350 448; x_wconf 88' lang='grc' dir='ltr'><strong>Ι.</strong></span> 
     </span>
     <span class='ocr_line' id='line_1_4' title="bbox 302 465 1214 521; baseline 0.009 -10"><span class='ocrx_word' id='word_1_11' title='bbox 302 481 344 521; x_wconf 89' lang='grc' dir='ltr'><strong>Ρ.</strong></span> <span class='ocrx_word' id='word_1_12' title='bbox 376 465 445 511; x_wconf 98' lang='grc'><strong>24.</strong></span> <span class='ocrx_word' id='word_1_13' title='bbox 1212 482 1214 485; x_wconf 82' lang='grc'><strong>’</strong></span> 
     </span>
    </p>
   </div>
   <div class='ocr_carea' id='block_1_4' title="bbox 190 582 979 742">
    <p class='ocr_par' dir='ltr' id='par_1_4' title="bbox 190 582 979 742">
     <span class='ocr_line' id='line_1_5' title="bbox 566 582 979 642; baseline 0.015 -7"><span class='ocrx_word' id='word_1_14' title='bbox 566 582 619 635; x_wconf 96' lang='lat' dir='ltr'>D</span> <span class='ocrx_word' id='word_1_15' title='bbox 636 601 665 636; x_wconf 94' lang='lat' dir='ltr'><strong>e</strong></span> <span class='ocrx_word' id='word_1_16' title='bbox 681 601 706 636; x_wconf 89' lang='lat' dir='ltr'><strong>s</strong></span> <span class='ocrx_word' id='word_1_17' title='bbox 721 601 750 636; x_wconf 89' lang='lat' dir='ltr'><strong>c</strong></span> <span class='ocrx_word' id='word_1_18' title='bbox 766 602 795 637; x_wconf 90' lang='lat' dir='ltr'><strong>e</strong></span> <span class='ocrx_word' id='word_1_19' title='bbox 809 603 845 638; x_wconf 92' lang='lat' dir='ltr'><strong>n</strong></span> <span class='ocrx_word' id='word_1_20' title='bbox 860 586 917 638; x_wconf 89' lang='lat' dir='ltr'><strong>si</strong></span> <span class='ocrx_word' id='word_1_21' title='bbox 932 605 979 642; x_wconf 91' lang='lat'><strong>0.</strong></span> 
     </span>
     <span class='ocr_line' id='line_1_6' title="bbox 190 682 962 742; baseline 0.009 -17"><span class='ocrx_word' id='word_1_22' title='bbox 190 682 272 725; x_wconf 82' lang='lat' dir='ltr'><strong>via</strong></span> <span class='ocrx_word' id='word_1_23' title='bbox 316 682 622 727; x_wconf 84' lang='lat' dir='ltr'>descensionis.</span> <span class='ocrx_word' id='word_1_24' title='bbox 670 685 723 731; x_wconf 92' lang='lat' dir='ltr'><strong>T.</strong></span> <span class='ocrx_word' id='word_1_25' title='bbox 755 686 814 731; x_wconf 91' lang='grc' dir='ltr'><strong>Π.</strong></span> <span class='ocrx_word' id='word_1_26' title='bbox 845 701 887 742; x_wconf 90' lang='lat' dir='ltr'><strong>p.</strong></span> <span class='ocrx_word' id='word_1_27' title='bbox 920 687 962 732; x_wconf 90' lang='grc'><strong>6.</strong></span> 
     </span>
    </p>
   </div>
   <div class='ocr_carea' id='block_1_5' title="bbox 594 799 940 856">
    <p class='ocr_par' dir='ltr' id='par_1_5' title="bbox 594 799 940 856">
     <span class='ocr_line' id='line_1_7' title="bbox 594 799 940 856; baseline 0.014 -4"><span class='ocrx_word' id='word_1_28' title='bbox 594 799 940 856; x_wconf 86' lang='lat' dir='ltr'><strong>Diaconi</strong></span> 
     </span>
    </p>
   </div>
   <div class='ocr_carea' id='block_1_6' title="bbox 185 899 1348 1028">
    <p class='ocr_par' dir='ltr' id='par_1_6' title="bbox 185 899 1348 1028">
     <span class='ocr_line' id='line_1_8' title="bbox 185 899 1348 953; baseline 0.01 -13"><span class='ocrx_word' id='word_1_29' title='bbox 185 899 413 941; x_wconf 87' lang='lat' dir='ltr'><strong>reverendi</strong></span> <span class='ocrx_word' id='word_1_30' title='bbox 458 905 559 942; x_wconf 90' lang='lat' dir='ltr'><strong>sunt</strong></span> <span class='ocrx_word' id='word_1_31' title='bbox 606 907 655 944; x_wconf 91' lang='lat' dir='ltr'><strong>ut</strong></span> <span class='ocrx_word' id='word_1_32' title='bbox 704 905 958 948; x_wconf 86' lang='lat' dir='ltr'><strong>mandatum</strong></span> <span class='ocrx_word' id='word_1_33' title='bbox 1007 908 1120 950; x_wconf 88' lang='lat' dir='ltr'><strong>Jesu</strong></span> <span class='ocrx_word' id='word_1_34' title='bbox 1171 908 1348 953; x_wconf 81' lang='lat' dir='ltr'><strong>Christi.</strong></span> 
     </span>
     <span class='ocr_line' id='line_1_9' title="bbox 300 973 619 1028; baseline 0.016 -14"><span class='ocrx_word' id='word_1_35' title='bbox 300 973 351 1017; x_wconf 88' lang='lat' dir='ltr'><strong>T.</strong></span> <span class='ocrx_word' id='word_1_36' title='bbox 384 973 442 1017; x_wconf 88' lang='lat'><strong>11.</strong></span> <span class='ocrx_word' id='word_1_37' title='bbox 474 988 516 1028; x_wconf 92' lang='lat' dir='ltr'><strong>p.</strong></span> <span class='ocrx_word' id='word_1_38' title='bbox 550 973 619 1019; x_wconf 89' lang='lat'><strong>13.</strong></span> 
     </span>
    </p>
   </div>
   <div class='ocr_carea' id='block_1_7' title="bbox 404 1089 1137 1163">
    <p class='ocr_par' dir='ltr' id='par_1_7' title="bbox 404 1089 1137 1163">
     <span class='ocr_line' id='line_1_10' title="bbox 404 1089 1137 1163; baseline 0.007 -22"><span class='ocrx_word' id='word_1_39' title='bbox 404 1089 458 1141; x_wconf 91' lang='lat' dir='ltr'>D</span> <span class='ocrx_word' id='word_1_40' title='bbox 476 1090 538 1142; x_wconf 87' lang='lat' dir='ltr'><strong>io</strong></span> <span class='ocrx_word' id='word_1_41' title='bbox 556 1109 584 1143; x_wconf 87' lang='lat' dir='ltr'><strong>e</strong></span> <span class='ocrx_word' id='word_1_42' title='bbox 601 1109 630 1143; x_wconf 89' lang='lat' dir='ltr'><strong>c</strong></span> <span class='ocrx_word' id='word_1_43' title='bbox 646 1110 674 1143; x_wconf 88' lang='lat' dir='ltr'><strong>e</strong></span> <span class='ocrx_word' id='word_1_44' title='bbox 692 1093 789 1145; x_wconf 86' lang='lat' dir='ltr'><strong>sis</strong></span> <span class='ocrx_word' id='word_1_45' title='bbox 830 1092 1137 1163; x_wconf 84' lang='grc' dir='ltr'>(Διοίκησις)</span> 
     </span>
    </p>
   </div>
   <div class='ocr_carea' id='block_1_8' title="bbox 187 1191 783 1247">
    <p class='ocr_par' dir='ltr' id='par_1_8' title="bbox 187 1191 783 1247">
     <span class='ocr_line' id='line_1_11' title="bbox 187 1191 783 1247; baseline 0.012 -16"><span class='ocrx_word' id='word_1_46' title='bbox 187 1191 433 1246; x_wconf 82' lang='lat' dir='ltr'><strong>descriptio.</strong></span> <span class='ocrx_word' id='word_1_47' title='bbox 466 1193 518 1236; x_wconf 89' lang='lat' dir='ltr'><strong>T.</strong></span> <span class='ocrx_word' id='word_1_48' title='bbox 549 1193 605 1234; x_wconf 95' lang='lat' dir='ltr'><strong>II.</strong></span> <span class='ocrx_word' id='word_1_49' title='bbox 639 1207 681 1247; x_wconf 92' lang='lat' dir='ltr'><strong>p.</strong></span> <span class='ocrx_word' id='word_1_50' title='bbox 713 1192 783 1238; x_wconf 84' lang='lat'><strong>23.</strong></span> 
     </span>
    </p>
   </div>
   <div class='ocr_carea' id='block_1_9' title="bbox 185 1264 1214 1393">
    <p class='ocr_par' dir='ltr' id='par_1_9' title="bbox 185 1264 1214 1393">
     <span class='ocr_line' id='line_1_12' title="bbox 185 1264 1214 1323; baseline 0.009 -20"><span class='ocrx_word' id='word_1_51' title='bbox 185 1264 450 1318; x_wconf 76' lang='lat' dir='ltr'><strong>etymologia</strong></span> <span class='ocrx_word' id='word_1_52' title='bbox 495 1269 536 1306; x_wconf 93' lang='lat' dir='ltr'><strong>et</strong></span> <span class='ocrx_word' id='word_1_53' title='bbox 578 1266 852 1320; x_wconf 83' lang='lat' dir='ltr'><strong>significatio.</strong></span> <span class='ocrx_word' id='word_1_54' title='bbox 895 1268 945 1311; x_wconf 89' lang='lat' dir='ltr'><strong>T.</strong></span> <span class='ocrx_word' id='word_1_55' title='bbox 980 1269 1036 1312; x_wconf 96' lang='lat' dir='ltr'><strong>II.</strong></span> <span class='ocrx_word' id='word_1_56' title='bbox 1067 1283 1111 1323; x_wconf 90' lang='lat' dir='ltr'><strong>p.</strong></span> <span class='ocrx_word' id='word_1_57' title='bbox 1143 1267 1214 1312; x_wconf 90' lang='grc'><strong>23.</strong></span> 
     </span>
     <span class='ocr_line' id='line_1_13' title="bbox 186 1335 769 1393; baseline 0.014 -18"><span class='ocrx_word' id='word_1_58' title='bbox 186 1335 419 1377; x_wconf 88' lang='lat' dir='ltr'><strong>distinctio.</strong></span> <span class='ocrx_word' id='word_1_59' title='bbox 453 1337 503 1380; x_wconf 89' lang='lat' dir='ltr'><strong>T.</strong></span> <span class='ocrx_word' id='word_1_60' title='bbox 535 1338 592 1382; x_wconf 89' lang='lat' dir='ltr'><strong>II.</strong></span> <span class='ocrx_word' id='word_1_61' title='bbox 623 1352 666 1393; x_wconf 90' lang='lat' dir='ltr'><strong>p.</strong></span> <span class='ocrx_word' id='word_1_62' title='bbox 698 1337 769 1384; x_wconf 82' lang='lat'><strong>56.</strong></span> 
     </span>
    </p>
   </div>
   <div class='ocr_carea' id='block_1_10' title="bbox 185 1451 1287 1614">
    <p class='ocr_par' dir='ltr' id='par_1_10' title="bbox 185 1451 1287 1614">
     <span class='ocr_line' id='line_1_14' title="bbox 477 1451 1062 1524; baseline 0.012 -21"><span class='ocrx_word' id='word_1_63' title='bbox 477 1451 1062 1524; x_wconf 77' lang='lat' dir='ltr'><strong>Disputationes,</strong></span> 
     </span>
     <span class='ocr_line' id='line_1_15' title="bbox 185 1552 1287 1614; baseline 0.006 -21"><span class='ocrx_word' id='word_1_64' title='bbox 185 1552 500 1596; x_wconf 80' lang='lat' dir='ltr'><strong>Orthodoxium</strong></span> <span class='ocrx_word' id='word_1_65' title='bbox 532 1569 630 1597; x_wconf 91' lang='lat' dir='ltr'><strong>cum</strong></span> <span class='ocrx_word' id='word_1_66' title='bbox 661 1556 908 1602; x_wconf 80' lang='lat' dir='ltr'><strong>haereticiS.</strong></span> <span class='ocrx_word' id='word_1_67' title='bbox 941 1559 994 1604; x_wconf 88' lang='lat' dir='ltr'><strong>T.</strong></span> <span class='ocrx_word' id='word_1_68' title='bbox 1026 1560 1085 1604; x_wconf 90' lang='lat' dir='ltr'><strong>II.</strong></span> <span class='ocrx_word' id='word_1_69' title='bbox 1117 1574 1160 1614; x_wconf 91' lang='lat' dir='ltr'><strong>p.</strong></span> <span class='ocrx_word' id='word_1_70' title='bbox 1191 1558 1287 1603; x_wconf 85' lang='lat'><strong>298.</strong></span> 
     </span>
    </p>
   </div>
   <div class='ocr_carea' id='block_1_11' title="bbox 181 1670 1349 1902">
    <p class='ocr_par' dir='ltr' id='par_1_11' title="bbox 181 1670 1349 1902">
     <span class='ocr_line' id='line_1_16' title="bbox 622 1670 916 1726; baseline 0.014 -4"><span class='ocrx_word' id='word_1_71' title='bbox 622 1670 676 1723; x_wconf 94' lang='lat' dir='ltr'>D</span> <span class='ocrx_word' id='word_1_72' title='bbox 692 1671 760 1725; x_wconf 86' lang='lat' dir='ltr'><strong>iv</strong></span> <span class='ocrx_word' id='word_1_73' title='bbox 776 1673 795 1724; x_wconf 90' lang='lat' dir='ltr'><strong>i</strong></span> <span class='ocrx_word' id='word_1_74' title='bbox 810 1680 832 1726; x_wconf 93' lang='lat' dir='ltr'><strong>t</strong></span> <span class='ocrx_word' id='word_1_75' title='bbox 846 1692 874 1726; x_wconf 90' lang='lat' dir='ltr'><strong>e</strong></span> <span class='ocrx_word' id='word_1_76' title='bbox 892 1692 916 1725; x_wconf 92' lang='lat' dir='ltr'><strong>s</strong></span> 
     </span>
     <span class='ocr_line' id='line_1_17' title="bbox 181 1771 1349 1827; baseline 0.009 -17"><span class='ocrx_word' id='word_1_77' title='bbox 181 1771 336 1812; x_wconf 87' lang='lat' dir='ltr'><strong>Mutua</strong></span> <span class='ocrx_word' id='word_1_78' title='bbox 385 1772 498 1813; x_wconf 79' lang='lat' dir='ltr'><strong>inter</strong></span> <span class='ocrx_word' id='word_1_79' title='bbox 547 1787 760 1827; x_wconf 85' lang='lat' dir='ltr'><strong>pauperes</strong></span> <span class='ocrx_word' id='word_1_80' title='bbox 806 1789 858 1816; x_wconf 87' lang='lat' dir='ltr'><strong>ac</strong></span> <span class='ocrx_word' id='word_1_81' title='bbox 916 1776 1071 1819; x_wconf 82' lang='lat' dir='ltr'><strong>divites</strong></span> <span class='ocrx_word' id='word_1_82' title='bbox 1124 1779 1349 1820; x_wconf 88' lang='lat' dir='ltr'><strong>circulatio</strong></span> 
     </span>
     <span class='ocr_line' id='line_1_18' title="bbox 296 1844 1009 1902; baseline 0.013 -18"><span class='ocrx_word' id='word_1_83' title='bbox 296 1844 413 1886; x_wconf 86' lang='lat' dir='ltr'><strong>vitae</strong></span> <span class='ocrx_word' id='word_1_84' title='bbox 443 1846 658 1889; x_wconf 83' lang='lat' dir='ltr'><strong>salutaris.</strong></span> <span class='ocrx_word' id='word_1_85' title='bbox 681 1846 743 1890; x_wconf 89' lang='lat' dir='ltr'><strong>·T.</strong></span> <span class='ocrx_word' id='word_1_86' title='bbox 774 1847 833 1892; x_wconf 93' lang='grc' dir='ltr'><strong>ΙΙ.</strong></span> <span class='ocrx_word' id='word_1_87' title='bbox 861 1862 906 1902; x_wconf 92' lang='grc' dir='ltr'><strong>Ρ.</strong></span> <span class='ocrx_word' id='word_1_88' title='bbox 937 1847 1009 1894; x_wconf 88' lang='grc'><strong>39.</strong></span> 
     </span>
    </p>
   </div>
   <div class='ocr_carea' id='block_1_12' title="bbox 545 1959 984 2017">
    <p class='ocr_par' dir='ltr' id='par_1_12' title="bbox 545 1959 984 2017">
     <span class='ocr_line' id='line_1_19' title="bbox 545 1959 984 2017; baseline 0.011 -5"><span class='ocrx_word' id='word_1_89' title='bbox 545 1959 984 2017; x_wconf 90' lang='lat' dir='ltr'><strong>Doctoratus</strong></span> 
     </span>
    </p>
   </div>
   <div class='ocr_carea' id='block_1_13' title="bbox 181 2062 1344 2191">
    <p class='ocr_par' dir='ltr' id='par_1_13' title="bbox 181 2062 1344 2191">
     <span class='ocr_line' id='line_1_20' title="bbox 181 2062 1344 2124; baseline 0.01 -22"><span class='ocrx_word' id='word_1_90' title='bbox 181 2062 440 2116; x_wconf 84' lang='lat' dir='ltr'><strong>episcopalis</strong></span> <span class='ocrx_word' id='word_1_91' title='bbox 470 2064 641 2104; x_wconf 88' lang='lat' dir='ltr'><strong>varium</strong></span> <span class='ocrx_word' id='word_1_92' title='bbox 681 2066 947 2108; x_wconf 82' lang='lat' dir='ltr'><strong>exercitium.</strong></span> <span class='ocrx_word' id='word_1_93' title='bbox 980 2068 1032 2112; x_wconf 91' lang='lat' dir='ltr'><strong>T.</strong></span> <span class='ocrx_word' id='word_1_94' title='bbox 1063 2068 1123 2113; x_wconf 90' lang='grc' dir='ltr'><strong>ΙΙ.</strong></span> <span class='ocrx_word' id='word_1_95' title='bbox 1154 2083 1199 2124; x_wconf 88' lang='grc' dir='ltr'><strong>Ρ.</strong></span> <span class='ocrx_word' id='word_1_96' title='bbox 1242 2068 1344 2114; x_wconf 89' lang='grc'><strong>345.</strong></span> 
     </span>
     <span class='ocr_line' id='line_1_21' title="bbox 296 2135 924 2191; baseline 0.01 -15"><span class='ocrx_word' id='word_1_97' title='bbox 296 2138 339 2176; x_wconf 90' lang='lat' dir='ltr'><strong>et</strong></span> <span class='ocrx_word' id='word_1_98' title='bbox 368 2135 566 2177; x_wconf 87' lang='lat' dir='ltr'><strong>doctores</strong></span> <span class='ocrx_word' id='word_1_99' title='bbox 597 2135 648 2176; x_wconf 93' lang='lat' dir='ltr'><strong>T.</strong></span> <span class='ocrx_word' id='word_1_100' title='bbox 679 2136 718 2180; x_wconf 91' lang='grc' dir='ltr'><strong>Ι.</strong></span> <span class='ocrx_word' id='word_1_101' title='bbox 750 2151 791 2191; x_wconf 92' lang='lat' dir='ltr'><strong>p.</strong></span> <span class='ocrx_word' id='word_1_102' title='bbox 825 2136 924 2182; x_wconf 87' lang='lat'><strong>119.</strong></span> 
     </span>
    </p>
   </div>
   <div class='ocr_carea' id='block_1_14' title="bbox 581 2247 936 2307">
    <p class='ocr_par' dir='ltr' id='par_1_14' title="bbox 581 2247 936 2307">
     <span class='ocr_line' id='line_1_22' title="bbox 581 2247 936 2307; baseline 0.011 -4"><span class='ocrx_word' id='word_1_103' title='bbox 581 2247 936 2307; x_wconf 81' lang='lat' dir='ltr'><strong>Doct&#39;ores</strong></span> 
     </span>
    </p>
   </div>
   <div class='ocr_carea' id='block_1_15' title="bbox 178 2351 1221 2486">
    <p class='ocr_par' dir='ltr' id='par_1_15' title="bbox 178 2351 1221 2486">
     <span class='ocr_line' id='line_1_23' title="bbox 178 2351 838 2409; baseline 0.012 -18"><span class='ocrx_word' id='word_1_104' title='bbox 178 2351 476 2405; x_wconf 83' lang='lat' dir='ltr'><strong>particulares.</strong></span> <span class='ocrx_word' id='word_1_105' title='bbox 510 2353 564 2398; x_wconf 87' lang='lat' dir='ltr'><strong>T.</strong></span> <span class='ocrx_word' id='word_1_106' title='bbox 594 2355 631 2400; x_wconf 91' lang='lat' dir='ltr'><strong>I.</strong></span> <span class='ocrx_word' id='word_1_107' title='bbox 663 2369 709 2409; x_wconf 88' lang='lat' dir='ltr'><strong>p.</strong></span> <span class='ocrx_word' id='word_1_108' title='bbox 741 2354 838 2401; x_wconf 89' lang='grc'><strong>118.</strong></span> 
     </span>
     <span class='ocr_line' id='line_1_24' title="bbox 179 2423 1221 2486; baseline 0.01 -22"><span class='ocrx_word' id='word_1_109' title='bbox 179 2423 417 2466; x_wconf 88' lang='lat' dir='ltr'><strong>Doctorum</strong></span> <span class='ocrx_word' id='word_1_110' title='bbox 449 2425 680 2470; x_wconf 82' lang='lat' dir='ltr'><strong>cathedrae</strong></span> <span class='ocrx_word' id='word_1_111' title='bbox 708 2430 867 2475; x_wconf 81' lang='lat' dir='ltr'><strong>unitas.</strong></span> <span class='ocrx_word' id='word_1_112' title='bbox 899 2433 952 2477; x_wconf 84' lang='lat' dir='ltr'><strong>T.</strong></span> <span class='ocrx_word' id='word_1_113' title='bbox 984 2431 1019 2473; x_wconf 95' lang='grc' dir='ltr'><strong>Ι.</strong></span> <span class='ocrx_word' id='word_1_114' title='bbox 1050 2446 1089 2486; x_wconf 91' lang='lat' dir='ltr'><strong>p.</strong></span> <span class='ocrx_word' id='word_1_115' title='bbox 1125 2429 1221 2474; x_wconf 90' lang='grc'><strong>117.</strong></span> 
     </span>
    </p>
   </div>
   <div class='ocr_carea' id='block_1_16' title="bbox 179 2541 1045 2701">
    <p class='ocr_par' dir='ltr' id='par_1_16' title="bbox 179 2541 1045 2701">
     <span class='ocr_line' id='line_1_25' title="bbox 544 2541 1045 2599; baseline 0.01 -4"><span class='ocrx_word' id='word_1_116' title='bbox 544 2541 598 2595; x_wconf 94' lang='lat' dir='ltr'>D</span> <span class='ocrx_word' id='word_1_117' title='bbox 620 2561 650 2596; x_wconf 93' lang='grc' dir='ltr'>ο</span> <span class='ocrx_word' id='word_1_118' title='bbox 671 2546 706 2597; x_wconf 84' lang='lat' dir='ltr'><strong>n</strong></span> <span class='ocrx_word' id='word_1_119' title='bbox 727 2562 760 2597; x_wconf 87' lang='lat' dir='ltr'><strong>a</strong></span> <span class='ocrx_word' id='word_1_120' title='bbox 779 2552 801 2597; x_wconf 90' lang='lat' dir='ltr'><strong>t</strong></span> <span class='ocrx_word' id='word_1_121' title='bbox 819 2546 838 2598; x_wconf 93' lang='lat' dir='ltr'><strong>i</strong></span> <span class='ocrx_word' id='word_1_122' title='bbox 857 2565 888 2599; x_wconf 95' lang='lat' dir='ltr'><strong>a</strong></span> <span class='ocrx_word' id='word_1_123' title='bbox 908 2566 943 2599; x_wconf 93' lang='lat' dir='ltr'><strong>n</strong></span> <span class='ocrx_word' id='word_1_124' title='bbox 963 2547 982 2599; x_wconf 95' lang='lat' dir='ltr'><strong>i</strong></span> <span class='ocrx_word' id='word_1_125' title='bbox 1035 2566 1045 2576; x_wconf 91' lang='lat'><strong>·</strong></span> 
     </span>
     <span class='ocr_line' id='line_1_26' title="bbox 179 2641 954 2701; baseline 0.012 -17"><span class='ocrx_word' id='word_1_126' title='bbox 179 2641 402 2685; x_wconf 84' lang='lat' dir='ltr'><strong>haeretici.</strong></span> <span class='ocrx_word' id='word_1_127' title='bbox 445 2643 496 2688; x_wconf 91' lang='lat' dir='ltr'><strong>T.</strong></span> <span class='ocrx_word' id='word_1_128' title='bbox 526 2644 584 2688; x_wconf 90' lang='lat' dir='ltr'><strong>H.</strong></span> <span class='ocrx_word' id='word_1_129' title='bbox 624 2659 669 2700; x_wconf 93' lang='lat' dir='ltr'><strong>p.</strong></span> <span class='ocrx_word' id='word_1_130' title='bbox 715 2645 815 2701; x_wconf 88' lang='grc'><strong>268,</strong></span> <span class='ocrx_word' id='word_1_131' title='bbox 852 2647 954 2694; x_wconf 91' lang='grc'><strong>426.</strong></span> 
     </span>
    </p>
   </div>
   <div class='ocr_carea' id='block_1_17' title="bbox 178 2760 960 2915">
    <p class='ocr_par' dir='ltr' id='par_1_17' title="bbox 178 2760 960 2915">
     <span class='ocr_line' id='line_1_27' title="bbox 572 2760 960 2819; baseline 0.013 -5"><span class='ocrx_word' id='word_1_132' title='bbox 572 2760 960 2819; x_wconf 90' lang='lat' dir='ltr'><strong>Duellum.</strong></span> 
     </span>
     <span class='ocr_line' id='line_1_28' title="bbox 178 2859 526 2915; baseline 0.014 -15"><span class='ocrx_word' id='word_1_133' title='bbox 178 2859 228 2900; x_wconf 90' lang='lat' dir='ltr'><strong>T.</strong></span> <span class='ocrx_word' id='word_1_134' title='bbox 261 2860 319 2904; x_wconf 93' lang='lat' dir='ltr'><strong>II.</strong></span> <span class='ocrx_word' id='word_1_135' title='bbox 352 2875 394 2915; x_wconf 90' lang='lat' dir='ltr'><strong>p.</strong></span> <span class='ocrx_word' id='word_1_136' title='bbox 426 2859 526 2906; x_wconf 87' lang='lat'><strong>381.</strong></span> 
     </span>
    </p>
   </div>
   <div class='ocr_carea' id='block_1_18' title="bbox 176 2991 1244 3153">
    <p class='ocr_par' dir='ltr' id='par_1_18' title="bbox 176 2991 1244 3153">
     <span class='ocr_line' id='line_1_29' title="bbox 669 2991 839 3046; baseline 0 -1"><span class='ocrx_word' id='word_1_137' title='bbox 669 2991 723 3045; x_wconf 93' lang='lat' dir='ltr'>D</span> <span class='ocrx_word' id='word_1_138' title='bbox 746 3011 780 3046; x_wconf 95' lang='lat' dir='ltr'><strong>u</strong></span> <span class='ocrx_word' id='word_1_139' title='bbox 799 3011 839 3045; x_wconf 83' lang='lat' dir='ltr'><strong>x</strong></span> 
     </span>
     <span class='ocr_line' id='line_1_30' title="bbox 176 3092 1244 3153; baseline 0.01 -22"><span class='ocrx_word' id='word_1_140' title='bbox 176 3092 408 3133; x_wconf 88' lang='lat' dir='ltr'><strong>discrimen</strong></span> <span class='ocrx_word' id='word_1_141' title='bbox 449 3093 571 3135; x_wconf 92' lang='lat' dir='ltr'><strong>ducis</strong></span> <span class='ocrx_word' id='word_1_142' title='bbox 612 3098 655 3136; x_wconf 89' lang='lat' dir='ltr'><strong>et</strong></span> <span class='ocrx_word' id='word_1_143' title='bbox 693 3097 863 3150; x_wconf 83' lang='lat' dir='ltr'><strong>capitis.</strong></span> <span class='ocrx_word' id='word_1_144' title='bbox 896 3098 948 3142; x_wconf 88' lang='lat' dir='ltr'><strong>T.</strong></span> <span class='ocrx_word' id='word_1_145' title='bbox 981 3099 1039 3139; x_wconf 86' lang='grc' dir='ltr'><strong>ΙΙ.</strong></span> <span class='ocrx_word' id='word_1_146' title='bbox 1070 3112 1111 3153; x_wconf 91' lang='grc' dir='ltr'><strong>Ρ.</strong></span> <span class='ocrx_word' id='word_1_147' title='bbox 1143 3098 1244 3143; x_wconf 85' lang='grc'><strong>397.</strong></span> 
     </span>
    </p>
   </div>
   <div class='ocr_carea' id='block_1_19' title="bbox 177 3222 1340 3742">
    <p class='ocr_par' dir='ltr' id='par_1_19' title="bbox 177 3222 1340 3742">
     <span class='ocr_line' id='line_1_31' title="bbox 543 3222 988 3298; baseline 0.011 -23"><span class='ocrx_word' id='word_1_148' title='bbox 543 3222 597 3275; x_wconf 93' lang='lat' dir='ltr'>D</span> <span class='ocrx_word' id='word_1_149' title='bbox 622 3242 652 3276; x_wconf 93' lang='lat' dir='ltr'><strong>o</strong></span> <span class='ocrx_word' id='word_1_150' title='bbox 673 3243 726 3277; x_wconf 90' lang='lat' dir='ltr'><strong>m</strong></span> <span class='ocrx_word' id='word_1_151' title='bbox 747 3226 765 3277; x_wconf 95' lang='lat' dir='ltr'><strong>i</strong></span> <span class='ocrx_word' id='word_1_152' title='bbox 785 3227 859 3298; x_wconf 83' lang='lat' dir='ltr'><strong>ni</strong></span> <span class='ocrx_word' id='word_1_153' title='bbox 882 3245 918 3279; x_wconf 93' lang='lat' dir='ltr'><strong>u</strong></span> <span class='ocrx_word' id='word_1_154' title='bbox 938 3246 988 3280; x_wconf 90' lang='lat' dir='ltr'><strong>m</strong></span> 
     </span>
     <span class='ocr_line' id='line_1_32' title="bbox 177 3325 1340 3380; baseline 0.005 -15"><span class='ocrx_word' id='word_1_155' title='bbox 177 3328 284 3366; x_wconf 88' lang='lat' dir='ltr'><strong>tem</strong></span> <span class='ocrx_word' id='word_1_156' title='bbox 295 3326 504 3378; x_wconf 85' lang='lat' dir='ltr'><strong>porale.</strong></span> <span class='ocrx_word' id='word_1_157' title='bbox 567 3325 815 3380; x_wconf 86' lang='lat' dir='ltr'><strong>Temporali</strong></span> <span class='ocrx_word' id='word_1_158' title='bbox 845 3328 1050 3370; x_wconf 86' lang='lat' dir='ltr'><strong>Dominio</strong></span> <span class='ocrx_word' id='word_1_159' title='bbox 1081 3329 1217 3370; x_wconf 88' lang='lat' dir='ltr'><strong>veluti</strong></span> <span class='ocrx_word' id='word_1_160' title='bbox 1249 3342 1340 3371; x_wconf 81' lang='lat' dir='ltr'><strong>cor-</strong></span> 
     </span>
     <span class='ocr_line' id='line_1_33' title="bbox 292 3397 1340 3455; baseline 0.005 -18"><span class='ocrx_word' id='word_1_161' title='bbox 292 3410 395 3450; x_wconf 86' lang='lat' dir='ltr'><strong>pore</strong></span> <span class='ocrx_word' id='word_1_162' title='bbox 448 3397 640 3440; x_wconf 88' lang='lat' dir='ltr'><strong>induitur</strong></span> <span class='ocrx_word' id='word_1_163' title='bbox 689 3412 868 3442; x_wconf 84' lang='lat' dir='ltr'><strong>romana</strong></span> <span class='ocrx_word' id='word_1_164' title='bbox 906 3405 1111 3455; x_wconf 82' lang='lat' dir='ltr'><strong>potestas.</strong></span> <span class='ocrx_word' id='word_1_165' title='bbox 1174 3402 1226 3445; x_wconf 91' lang='lat' dir='ltr'><strong>T.</strong></span> <span class='ocrx_word' id='word_1_166' title='bbox 1282 3402 1340 3443; x_wconf 88' lang='lat'><strong>11.</strong></span> 
     </span>
     <span class='ocr_line' id='line_1_34' title="bbox 293 3469 464 3523; baseline 0.006 -10"><span class='ocrx_word' id='word_1_167' title='bbox 293 3484 335 3523; x_wconf 89' lang='lat' dir='ltr'><strong>p.</strong></span> <span class='ocrx_word' id='word_1_168' title='bbox 368 3469 464 3514; x_wconf 86' lang='grc'><strong>475.</strong></span> 
     </span>
     <span class='ocr_line' id='line_1_35' title="bbox 179 3542 1339 3597; baseline 0.003 -15"><span class='ocrx_word' id='word_1_169' title='bbox 179 3542 373 3583; x_wconf 88' lang='lat' dir='ltr'><strong>Dominii</strong></span> <span class='ocrx_word' id='word_1_170' title='bbox 403 3543 652 3597; x_wconf 83' lang='lat' dir='ltr'><strong>temporalis</strong></span> <span class='ocrx_word' id='word_1_171' title='bbox 682 3543 905 3586; x_wconf 88' lang='lat' dir='ltr'><strong>Pontificis</strong></span> <span class='ocrx_word' id='word_1_172' title='bbox 935 3545 1121 3586; x_wconf 82' lang='lat' dir='ltr'><strong>Romani</strong></span> <span class='ocrx_word' id='word_1_173' title='bbox 1151 3547 1339 3588; x_wconf 84' lang='lat' dir='ltr'><strong>necessi-</strong></span> 
     </span>
     <span class='ocr_line' id='line_1_36' title="bbox 291 3615 1150 3671; baseline 0.009 -17"><span class='ocrx_word' id='word_1_174' title='bbox 291 3618 359 3655; x_wconf 88' lang='lat' dir='ltr'><strong>tas</strong></span> <span class='ocrx_word' id='word_1_175' title='bbox 393 3615 556 3656; x_wconf 90' lang='lat' dir='ltr'><strong>ordinis</strong></span> <span class='ocrx_word' id='word_1_176' title='bbox 586 3615 770 3670; x_wconf 84' lang='lat' dir='ltr'><strong>physici.</strong></span> <span class='ocrx_word' id='word_1_177' title='bbox 804 3617 854 3660; x_wconf 92' lang='lat' dir='ltr'><strong>T.</strong></span> <span class='ocrx_word' id='word_1_178' title='bbox 886 3617 943 3658; x_wconf 91' lang='lat'><strong>11.</strong></span> <span class='ocrx_word' id='word_1_179' title='bbox 975 3631 1020 3671; x_wconf 91' lang='lat' dir='ltr'><strong>p.</strong></span> <span class='ocrx_word' id='word_1_180' title='bbox 1051 3615 1150 3662; x_wconf 85' lang='lat'><strong>484.</strong></span> 
     </span>
     <span class='ocr_line' id='line_1_37' title="bbox 179 3685 1020 3742; baseline 0.006 -16"><span class='ocrx_word' id='word_1_181' title='bbox 179 3685 361 3728; x_wconf 83' lang='lat' dir='ltr'><strong>Tutelae</strong></span> <span class='ocrx_word' id='word_1_182' title='bbox 392 3689 644 3731; x_wconf 54' lang='lat' dir='ltr'><strong>necessita&amp;</strong></span> <span class='ocrx_word' id='word_1_183' title='bbox 678 3688 728 3731; x_wconf 89' lang='lat' dir='ltr'><strong>T.</strong></span> <span class='ocrx_word' id='word_1_184' title='bbox 759 3686 816 3730; x_wconf 90' lang='lat'><strong>11.</strong></span> <span class='ocrx_word' id='word_1_185' title='bbox 848 3702 891 3742; x_wconf 91' lang='lat' dir='ltr'><strong>p.</strong></span> <span class='ocrx_word' id='word_1_186' title='bbox 923 3687 1020 3732; x_wconf 90' lang='lat'><strong>484.</strong></span> 
     </span>
    </p>
   </div>
   <div class='ocr_carea' id='block_1_20' title="bbox 554 3815 946 3873">
    <p class='ocr_par' dir='ltr' id='par_1_20' title="bbox 554 3815 946 3873">
     <span class='ocr_line' id='line_1_38' title="bbox 554 3815 946 3873; baseline 0.013 -6"><span class='ocrx_word' id='word_1_187' title='bbox 554 3815 946 3873; x_wconf 84' lang='lat' dir='ltr'><strong>Ecclesia.</strong></span> 
     </span>
    </p>
   </div>
   <div class='ocr_carea' id='block_1_21' title="bbox 180 3915 1337 4045">
    <p class='ocr_par' dir='ltr' id='par_1_21' title="bbox 180 3915 1337 4045">
     <span class='ocr_line' id='line_1_39' title="bbox 180 3915 1337 3974; baseline 0.005 -18"><span class='ocrx_word' id='word_1_188' title='bbox 180 3915 474 3958; x_wconf 87' lang='lat' dir='ltr'><strong>Ecclesiae</strong></span> <span class='ocrx_word' id='word_1_189' title='bbox 515 3918 630 3959; x_wconf 86' lang='lat' dir='ltr'><strong>vitae</strong></span> <span class='ocrx_word' id='word_1_190' title='bbox 674 3919 933 3974; x_wconf 88' lang='lat' dir='ltr'><strong>principium</strong></span> <span class='ocrx_word' id='word_1_191' title='bbox 965 3923 1187 3961; x_wconf 81' lang='lat' dir='ltr'><strong>externum</strong></span> <span class='ocrx_word' id='word_1_192' title='bbox 1238 3934 1337 3962; x_wconf 89' lang='lat' dir='ltr'><strong>con-</strong></span> 
     </span>
     <span class='ocr_line' id='line_1_40' title="bbox 295 3986 790 4045; baseline 0.012 -19"><span class='ocrx_word' id='word_1_193' title='bbox 295 3986 472 4032; x_wconf 91' lang='lat' dir='ltr'><strong>iunctio.</strong></span> <span class='ocrx_word' id='word_1_194' title='bbox 505 3989 556 4034; x_wconf 94' lang='lat' dir='ltr'><strong>T.</strong></span> <span class='ocrx_word' id='word_1_195' title='bbox 589 3991 646 4034; x_wconf 95' lang='lat' dir='ltr'><strong>II.</strong></span> <span class='ocrx_word' id='word_1_196' title='bbox 678 4004 720 4045; x_wconf 88' lang='lat' dir='ltr'><strong>p.</strong></span> <span class='ocrx_word' id='word_1_197' title='bbox 751 3990 790 4033; x_wconf 87' lang='grc'><strong>8.</strong></span> 
     </span>
    </p>
   </div>
   <div class='ocr_carea' id='block_1_22' title="bbox 1430 3432 2389 3486">
    <p class='ocr_par' dir='ltr' id='par_1_22' title="bbox 1430 3432 2389 3486">
     <span class='ocr_line' id='line_1_41' title="bbox 1430 3432 2389 3486; baseline 0 -12"><span class='ocrx_word' id='word_1_198' title='bbox 1430 3434 1497 3475; x_wconf 91' lang='lat' dir='ltr'><strong>De</strong></span> <span class='ocrx_word' id='word_1_199' title='bbox 1528 3434 1657 3474; x_wconf 90' lang='lat' dir='ltr'><strong>rebus</strong></span> <span class='ocrx_word' id='word_1_200' title='bbox 1687 3434 1725 3474; x_wconf 88' lang='lat' dir='ltr'><strong>E</strong></span> <span class='ocrx_word' id='word_1_201' title='bbox 1739 3447 1762 3475; x_wconf 90' lang='lat' dir='ltr'><strong>c</strong></span> <span class='ocrx_word' id='word_1_202' title='bbox 1775 3447 1797 3474; x_wconf 88' lang='lat' dir='ltr'><strong>c-</strong></span> <span class='ocrx_word' id='word_1_203' title='bbox 1807 3433 1823 3475; x_wconf 92' lang='lat' dir='ltr'><strong>l</strong></span> <span class='ocrx_word' id='word_1_204' title='bbox 1835 3446 1859 3474; x_wconf 89' lang='lat' dir='ltr'><strong>e</strong></span> <span class='ocrx_word' id='word_1_205' title='bbox 1870 3433 1956 3474; x_wconf 87' lang='lat' dir='ltr'><strong>sia</strong></span> <span class='ocrx_word' id='word_1_206' title='bbox 1967 3446 1991 3474; x_wconf 91' lang='lat' dir='ltr'><strong>e</strong></span> <span class='ocrx_word' id='word_1_207' title='bbox 2021 3432 2276 3486; x_wconf 86' lang='lat' dir='ltr'><strong>disponendi</strong></span> <span class='ocrx_word' id='word_1_208' title='bbox 2308 3432 2389 3474; x_wconf 89' lang='lat' dir='ltr'><strong>ius.</strong></span> 
     </span>
    </p>
   </div>
   <div class='ocr_carea' id='block_1_23' title="bbox 1427 3847 2585 3975">
    <p class='ocr_par' dir='ltr' id='par_1_23' title="bbox 1427 3847 2585 3975">
     <span class='ocr_line' id='line_1_42' title="bbox 1428 3847 1911 3890; baseline -0.002 0"><span class='ocrx_word' id='word_1_209' title='bbox 1428 3849 1693 3890; x_wconf 85' lang='lat' dir='ltr'><strong>Ecclesia</strong></span> <span class='ocrx_word' id='word_1_210' title='bbox 1796 3847 1803 3852; x_wconf 66' lang='lat'><em>⁷</em></span> <span class='ocrx_word' id='word_1_211' title='bbox 1858 3874 1911 3880; x_wconf 92' lang='lat'><strong>——</strong></span> 
     </span>
     <span class='ocr_line' id='line_1_43' title="bbox 1427 3911 2585 3975; baseline -0.003 -12"><span class='ocrx_word' id='word_1_212' title='bbox 1427 3921 1588 3963; x_wconf 51' lang='lat' dir='ltr'><strong>Verae*</strong></span> <span class='ocrx_word' id='word_1_213' title='bbox 1627 3921 1924 3962; x_wconf 86' lang='lat' dir='ltr'><strong>Ecclesiae</strong></span> <span class='ocrx_word' id='word_1_214' title='bbox 1982 3911 2112 3962; x_wconf 75' lang='lat' dir='ltr'><strong>n&#39;otae</strong></span> <span class='ocrx_word' id='word_1_215' title='bbox 2170 3921 2287 3975; x_wconf 84' lang='lat' dir='ltr'><strong>apud</strong></span> <span class='ocrx_word' id='word_1_216' title='bbox 2345 3919 2585 3960; x_wconf 77' lang='lat' dir='ltr'><strong>Romanam</strong></span> 
     </span>
    </p>
   </div>
   <div class='ocr_carea' id='block_1_24' title="bbox 1437 307 2603 526">
    <p class='ocr_par' dir='ltr' id='par_1_24' title="bbox 1437 307 2603 526">
     <span class='ocr_line' id='line_1_44' title="bbox 1844 307 2201 370; baseline 0.02 -8"><span class='ocrx_word' id='word_1_217' title='bbox 1844 307 1894 361; x_wconf 86' lang='lat' dir='ltr'><strong>E</strong></span> <span class='ocrx_word' id='word_1_218' title='bbox 1908 329 1939 365; x_wconf 89' lang='lat' dir='ltr'><strong>c</strong></span> <span class='ocrx_word' id='word_1_219' title='bbox 1954 330 1984 365; x_wconf 94' lang='lat' dir='ltr'><strong>c</strong></span> <span class='ocrx_word' id='word_1_220' title='bbox 1994 312 2020 366; x_wconf 92' lang='lat' dir='ltr'><strong>·l</strong></span> <span class='ocrx_word' id='word_1_221' title='bbox 2033 330 2063 366; x_wconf 93' lang='lat' dir='ltr'><strong>e</strong></span> <span class='ocrx_word' id='word_1_222' title='bbox 2079 314 2136 366; x_wconf 91' lang='lat' dir='ltr'><strong>si</strong></span> <span class='ocrx_word' id='word_1_223' title='bbox 2153 332 2201 370; x_wconf 89' lang='lat' dir='ltr'><strong>a.</strong></span> 
     </span>
     <span class='ocr_line' id='line_1_45' title="bbox 1437 395 2603 456; baseline 0.009 -21"><span class='ocrx_word' id='word_1_224' title='bbox 1437 395 1476 435; x_wconf 87' lang='lat' dir='ltr'><strong>E</strong></span> <span class='ocrx_word' id='word_1_225' title='bbox 1490 409 1513 437; x_wconf 92' lang='lat' dir='ltr'><strong>c</strong></span> <span class='ocrx_word' id='word_1_226' title='bbox 1523 409 1546 437; x_wconf 91' lang='lat' dir='ltr'><strong>c</strong></span> <span class='ocrx_word' id='word_1_227' title='bbox 1557 395 1572 436; x_wconf 94' lang='lat'><strong>1</strong></span> <span class='ocrx_word' id='word_1_228' title='bbox 1585 397 1698 438; x_wconf 82' lang='lat' dir='ltr'><strong>esia</strong></span> <span class='ocrx_word' id='word_1_229' title='bbox 1749 410 1839 438; x_wconf 88' lang='lat' dir='ltr'><strong>non</strong></span> <span class='ocrx_word' id='word_1_230' title='bbox 1887 404 1954 441; x_wconf 89' lang='lat' dir='ltr'><strong>est</strong></span> <span class='ocrx_word' id='word_1_231' title='bbox 2001 401 2107 442; x_wconf 87' lang='lat' dir='ltr'><strong>iuris</strong></span> <span class='ocrx_word' id='word_1_232' title='bbox 2165 402 2352 443; x_wconf 88' lang='lat' dir='ltr'><strong>absoluti</strong></span> <span class='ocrx_word' id='word_1_233' title='bbox 2405 403 2603 456; x_wconf 84' lang='lat' dir='ltr'><strong>positive.</strong></span> 
     </span>
     <span class='ocr_line' id='line_1_46' title="bbox 1727 469 2025 526; baseline 0.027 -17"><span class='ocrx_word' id='word_1_234' title='bbox 1727 469 1780 513; x_wconf 89' lang='lat' dir='ltr'><strong>T.</strong></span> <span class='ocrx_word' id='word_1_235' title='bbox 1811 470 1847 514; x_wconf 94' lang='lat' dir='ltr'><strong>I.</strong></span> <span class='ocrx_word' id='word_1_236' title='bbox 1880 485 1924 526; x_wconf 87' lang='lat' dir='ltr'><strong>p.</strong></span> <span class='ocrx_word' id='word_1_237' title='bbox 1956 471 2025 517; x_wconf 92' lang='lat'><strong>22.</strong></span> 
     </span>
    </p>
   </div>
   <div class='ocr_carea' id='block_1_25' title="bbox 1438 543 2642 3125">
    <p class='ocr_par' dir='ltr' id='par_1_25' title="bbox 1553 543 2603 744">
     <span class='ocr_line' id='line_1_47' title="bbox 1553 543 2603 603; baseline 0.009 -22"><span class='ocrx_word' id='word_1_238' title='bbox 1553 564 1608 572; x_wconf 90' lang='lat'><strong>—</strong></span> <span class='ocrx_word' id='word_1_239' title='bbox 1735 546 1801 583; x_wconf 84' lang='lat' dir='ltr'><strong>est</strong></span> <span class='ocrx_word' id='word_1_240' title='bbox 1855 543 1961 585; x_wconf 84' lang='lat' dir='ltr'><strong>iuris</strong></span> <span class='ocrx_word' id='word_1_241' title='bbox 2002 545 2215 586; x_wconf 85' lang='lat' dir='ltr'><strong>naturalis</strong></span> <span class='ocrx_word' id='word_1_242' title='bbox 2245 545 2435 588; x_wconf 85' lang='lat' dir='ltr'><strong>absoluti</strong></span> <span class='ocrx_word' id='word_1_243' title='bbox 2471 560 2603 603; x_wconf 75' lang='lat' dir='ltr'><strong>nega-</strong></span> 
     </span>
     <span class='ocr_line' id='line_1_48' title="bbox 1728 614 2201 670; baseline 0.008 -16"><span class='ocrx_word' id='word_1_244' title='bbox 1728 614 1832 658; x_wconf 87' lang='lat' dir='ltr'><strong>tive.</strong></span> <span class='ocrx_word' id='word_1_245' title='bbox 1880 615 1934 658; x_wconf 92' lang='lat' dir='ltr'><strong>T.</strong></span> <span class='ocrx_word' id='word_1_246' title='bbox 1983 615 2022 660; x_wconf 87' lang='lat'><strong>1.</strong></span> <span class='ocrx_word' id='word_1_247' title='bbox 2052 629 2097 670; x_wconf 88' lang='lat' dir='ltr'><strong>p.</strong></span> <span class='ocrx_word' id='word_1_248' title='bbox 2133 614 2201 659; x_wconf 87' lang='grc'><strong>23.</strong></span> 
     </span>
     <span class='ocr_line' id='line_1_49' title="bbox 1727 686 2601 744; baseline 0.009 -17"><span class='ocrx_word' id='word_1_249' title='bbox 1727 686 1865 728; x_wconf 82' lang='lat' dir='ltr'><strong>libera</strong></span> <span class='ocrx_word' id='word_1_250' title='bbox 1895 688 1942 727; x_wconf 89' lang='lat' dir='ltr'><strong>in</strong></span> <span class='ocrx_word' id='word_1_251' title='bbox 1971 691 2088 729; x_wconf 80' lang='lat' dir='ltr'><strong>statu</strong></span> <span class='ocrx_word' id='word_1_252' title='bbox 2118 688 2269 731; x_wconf 83' lang='lat' dir='ltr'><strong>libero.</strong></span> <span class='ocrx_word' id='word_1_253' title='bbox 2303 688 2352 729; x_wconf 89' lang='lat' dir='ltr'><strong>T.</strong></span> <span class='ocrx_word' id='word_1_254' title='bbox 2385 689 2421 730; x_wconf 89' lang='lat' dir='ltr'><strong>I.</strong></span> <span class='ocrx_word' id='word_1_255' title='bbox 2452 703 2496 744; x_wconf 88' lang='grc' dir='ltr'><strong>Ρ.</strong></span> <span class='ocrx_word' id='word_1_256' title='bbox 2529 688 2601 735; x_wconf 87' lang='lat'><strong>41.</strong></span> 
     </span>
    </p>

    <p class='ocr_par' dir='ltr' id='par_1_26' title="bbox 1555 752 2358 886">
     <span class='ocr_line' id='line_1_50' title="bbox 1555 752 2358 813; baseline 0.01 -17"><span class='ocrx_word' id='word_1_257' title='bbox 1555 780 1604 788; x_wconf 91' lang='lat'><strong>—</strong></span> <span class='ocrx_word' id='word_1_258' title='bbox 1740 758 1785 798; x_wconf 87' lang='lat' dir='ltr'><strong>in</strong></span> <span class='ocrx_word' id='word_1_259' title='bbox 1814 752 2012 811; x_wconf 66' lang='lat' dir='ltr'><strong>imperim</strong></span> <span class='ocrx_word' id='word_1_260' title='bbox 2061 758 2111 800; x_wconf 93' lang='grc' dir='ltr'><strong>Τ.</strong></span> <span class='ocrx_word' id='word_1_261' title='bbox 2143 761 2180 804; x_wconf 93' lang='lat'><strong>1.</strong></span> <span class='ocrx_word' id='word_1_262' title='bbox 2212 773 2254 813; x_wconf 91' lang='lat' dir='ltr'><strong>p.</strong></span> <span class='ocrx_word' id='word_1_263' title='bbox 2285 757 2358 804; x_wconf 82' lang='lat'><strong>45.</strong></span> 
     </span>
     <span class='ocr_line' id='line_1_51' title="bbox 1735 820 2328 886; baseline 0.007 -16"><span class='ocrx_word' id='word_1_264' title='bbox 1735 820 2009 884; x_wconf 54' lang='lat' dir='ltr'><strong>principalis.</strong></span> <span class='ocrx_word' id='word_1_265' title='bbox 2032 830 2086 874; x_wconf 90' lang='lat' dir='ltr'><strong>T.</strong></span> <span class='ocrx_word' id='word_1_266' title='bbox 2118 832 2155 874; x_wconf 95' lang='lat' dir='ltr'><strong>I.</strong></span> <span class='ocrx_word' id='word_1_267' title='bbox 2187 845 2229 886; x_wconf 88' lang='lat' dir='ltr'><strong>p.</strong></span> <span class='ocrx_word' id='word_1_268' title='bbox 2260 830 2328 875; x_wconf 91' lang='lat'><strong>81.</strong></span> 
     </span>
    </p>

    <p class='ocr_par' dir='ltr' id='par_1_27' title="bbox 1553 902 2604 1323">
     <span class='ocr_line' id='line_1_52' title="bbox 1553 902 2599 948; baseline 0.008 -7"><span class='ocrx_word' id='word_1_269' title='bbox 1553 925 1608 932; x_wconf 91' lang='lat'><strong>—-</strong></span> <span class='ocrx_word' id='word_1_270' title='bbox 1723 902 1808 943; x_wconf 91' lang='lat' dir='ltr'><strong>Dei</strong></span> <span class='ocrx_word' id='word_1_271' title='bbox 1838 916 1935 943; x_wconf 89' lang='lat' dir='ltr'><strong>cum</strong></span> <span class='ocrx_word' id='word_1_272' title='bbox 1967 902 2023 943; x_wconf 86' lang='lat' dir='ltr'><strong>sit</strong></span> <span class='ocrx_word' id='word_1_273' title='bbox 2053 904 2238 946; x_wconf 85' lang='lat' dir='ltr'><strong>societas</strong></span> <span class='ocrx_word' id='word_1_274' title='bbox 2269 919 2356 947; x_wconf 91' lang='lat' dir='ltr'><strong>non</strong></span> <span class='ocrx_word' id='word_1_275' title='bbox 2386 919 2504 948; x_wconf 86' lang='lat' dir='ltr'><strong>mero</strong></span> <span class='ocrx_word' id='word_1_276' title='bbox 2534 907 2599 948; x_wconf 88' lang='lat' dir='ltr'><strong>in·</strong></span> 
     </span>
     <span class='ocr_line' id='line_1_53' title="bbox 1725 975 2602 1029; baseline 0.008 -15"><span class='ocrx_word' id='word_1_277' title='bbox 1725 978 1850 1015; x_wconf 87' lang='lat' dir='ltr'><strong>terna</strong></span> <span class='ocrx_word' id='word_1_278' title='bbox 1870 989 1923 1015; x_wconf 86' lang='lat' dir='ltr'><strong>ac</strong></span> <span class='ocrx_word' id='word_1_279' title='bbox 1942 975 2163 1029; x_wconf 84' lang='lat' dir='ltr'><strong>spiritalis,</strong></span> <span class='ocrx_word' id='word_1_280' title='bbox 2180 977 2256 1018; x_wconf 89' lang='lat' dir='ltr'><strong>sed</strong></span> <span class='ocrx_word' id='word_1_281' title='bbox 2276 979 2406 1019; x_wconf 86' lang='lat' dir='ltr'><strong>etiam</strong></span> <span class='ocrx_word' id='word_1_282' title='bbox 2424 982 2602 1022; x_wconf 77' lang='lat' dir='ltr'><strong>externa</strong></span> 
     </span>
     <span class='ocr_line' id='line_1_54' title="bbox 1725 1047 2601 1104; baseline 0.008 -17"><span class='ocrx_word' id='word_1_283' title='bbox 1725 1051 1769 1088; x_wconf 88' lang='lat' dir='ltr'><strong>et</strong></span> <span class='ocrx_word' id='word_1_284' title='bbox 1807 1047 1996 1088; x_wconf 83' lang='lat' dir='ltr'><strong>humano</strong></span> <span class='ocrx_word' id='word_1_285' title='bbox 2037 1047 2213 1099; x_wconf 85' lang='lat' dir='ltr'><strong>divina,</strong></span> <span class='ocrx_word' id='word_1_286' title='bbox 2244 1063 2387 1104; x_wconf 88' lang='lat' dir='ltr'><strong>neque</strong></span> <span class='ocrx_word' id='word_1_287' title='bbox 2416 1051 2601 1094; x_wconf 80' lang='lat' dir='ltr'><strong>vinculis</strong></span> 
     </span>
     <span class='ocr_line' id='line_1_55' title="bbox 1724 1119 2604 1165; baseline 0.006 -6"><span class='ocrx_word' id='word_1_288' title='bbox 1724 1122 1919 1160; x_wconf 84' lang='lat' dir='ltr'><strong>tantum.</strong></span> <span class='ocrx_word' id='word_1_289' title='bbox 1935 1119 2194 1162; x_wconf 87' lang='lat' dir='ltr'><strong>coelestibus</strong></span> <span class='ocrx_word' id='word_1_290' title='bbox 2231 1134 2284 1163; x_wconf 86' lang='lat' dir='ltr'><strong>ac</strong></span> <span class='ocrx_word' id='word_1_291' title='bbox 2335 1122 2493 1164; x_wconf 85' lang='lat' dir='ltr'><strong>divinis</strong></span> <span class='ocrx_word' id='word_1_292' title='bbox 2525 1123 2604 1165; x_wconf 90' lang='lat' dir='ltr'><strong>sed</strong></span> 
     </span>
     <span class='ocr_line' id='line_1_56' title="bbox 1725 1191 2602 1257; baseline 0.007 -26"><span class='ocrx_word' id='word_1_293' title='bbox 1725 1191 1926 1232; x_wconf 85' lang='lat' dir='ltr'><strong>humanis</strong></span> <span class='ocrx_word' id='word_1_294' title='bbox 1951 1205 2123 1245; x_wconf 89' lang='lat' dir='ltr'><strong>quoque</strong></span> <span class='ocrx_word' id='word_1_295' title='bbox 2141 1194 2322 1257; x_wconf 63' lang='lat' dir='ltr'><strong>tprrenis</strong></span> <span class='ocrx_word' id='word_1_296' title='bbox 2343 1208 2395 1236; x_wconf 83' lang='lat' dir='ltr'><strong>ac</strong></span> <span class='ocrx_word' id='word_1_297' title='bbox 2415 1195 2602 1249; x_wconf 88' lang='lat' dir='ltr'><strong>publicis</strong></span> 
     </span>
     <span class='ocr_line' id='line_1_57' title="bbox 1730 1264 2523 1323; baseline 0.008 -18"><span class='ocrx_word' id='word_1_298' title='bbox 1730 1264 1961 1306; x_wconf 84' lang='lat' dir='ltr'><strong>cohaerere</strong></span> <span class='ocrx_word' id='word_1_299' title='bbox 1992 1265 2136 1311; x_wconf 86' lang='lat' dir='ltr'><strong>debet.</strong></span> <span class='ocrx_word' id='word_1_300' title='bbox 2201 1267 2253 1312; x_wconf 90' lang='lat' dir='ltr'><strong>T.</strong></span> <span class='ocrx_word' id='word_1_301' title='bbox 2285 1269 2320 1312; x_wconf 91' lang='grc' dir='ltr'><strong>Ι.</strong></span> <span class='ocrx_word' id='word_1_302' title='bbox 2351 1282 2394 1323; x_wconf 85' lang='grc' dir='ltr'><strong>Ρ.</strong></span> <span class='ocrx_word' id='word_1_303' title='bbox 2427 1266 2523 1311; x_wconf 89' lang='grc'><strong>104.</strong></span> 
     </span>
    </p>

    <p class='ocr_par' dir='ltr' id='par_1_28' title="bbox 1438 1337 2417 1465">
     <span class='ocr_line' id='line_1_58' title="bbox 1438 1337 2342 1393; baseline 0.007 -15"><span class='ocrx_word' id='word_1_304' title='bbox 1438 1339 1475 1378; x_wconf 88' lang='grc' dir='ltr'><strong>Ε</strong></span> <span class='ocrx_word' id='word_1_305' title='bbox 1494 1338 1628 1379; x_wconf 90' lang='lat' dir='ltr'><strong>ccle</strong></span> <span class='ocrx_word' id='word_1_306' title='bbox 1646 1339 1779 1379; x_wconf 87' lang='lat' dir='ltr'><strong>siae</strong></span> <span class='ocrx_word' id='word_1_307' title='bbox 1820 1337 2028 1381; x_wconf 84' lang='lat' dir='ltr'><strong>redditus.</strong></span> <span class='ocrx_word' id='word_1_308' title='bbox 2062 1338 2113 1382; x_wconf 87' lang='lat' dir='ltr'><strong>T.</strong></span> <span class='ocrx_word' id='word_1_309' title='bbox 2143 1338 2180 1382; x_wconf 94' lang='lat' dir='ltr'><strong>I.</strong></span> <span class='ocrx_word' id='word_1_310' title='bbox 2203 1353 2246 1393; x_wconf 86' lang='lat' dir='ltr'><strong>p.</strong></span> <span class='ocrx_word' id='word_1_311' title='bbox 2269 1337 2342 1384; x_wconf 90' lang='grc'><strong>29.</strong></span> 
     </span>
     <span class='ocr_line' id='line_1_59' title="bbox 1825 1409 2417 1465; baseline 0.008 -14"><span class='ocrx_word' id='word_1_312' title='bbox 1825 1423 1996 1464; x_wconf 78' lang='lat' dir='ltr'><strong>corpuS.</strong></span> <span class='ocrx_word' id='word_1_313' title='bbox 2030 1410 2082 1451; x_wconf 92' lang='lat' dir='ltr'><strong>T.</strong></span> <span class='ocrx_word' id='word_1_314' title='bbox 2114 1411 2150 1454; x_wconf 94' lang='grc' dir='ltr'><strong>Ι.</strong></span> <span class='ocrx_word' id='word_1_315' title='bbox 2182 1424 2223 1465; x_wconf 87' lang='grc' dir='ltr'><strong>Ρ.</strong></span> <span class='ocrx_word' id='word_1_316' title='bbox 2253 1409 2328 1455; x_wconf 88' lang='grc'><strong>49.</strong></span> <span class='ocrx_word' id='word_1_317' title='bbox 2363 1455 2367 1460; x_wconf 69' lang='grc'><strong>,</strong></span> <span class='ocrx_word' id='word_1_318' title='bbox 2415 1415 2417 1417; x_wconf 79' lang='grc'><strong>’</strong></span> 
     </span>
    </p>

    <p class='ocr_par' dir='ltr' id='par_1_29' title="bbox 1582 1483 2615 1825">
     <span class='ocr_line' id='line_1_60' title="bbox 1582 1483 2600 1538; baseline 0.004 -16"><span class='ocrx_word' id='word_1_319' title='bbox 1582 1508 1636 1514; x_wconf 93' lang='grc'><strong>--</strong></span> <span class='ocrx_word' id='word_1_320' title='bbox 1812 1486 2004 1537; x_wconf 86' lang='lat' dir='ltr'><strong>potestas</strong></span> <span class='ocrx_word' id='word_1_321' title='bbox 2049 1495 2150 1523; x_wconf 91' lang='lat' dir='ltr'><strong>suos</strong></span> <span class='ocrx_word' id='word_1_322' title='bbox 2181 1483 2227 1523; x_wconf 89' lang='lat' dir='ltr'><strong>in</strong></span> <span class='ocrx_word' id='word_1_323' title='bbox 2270 1483 2396 1524; x_wconf 85' lang='lat' dir='ltr'><strong>terris</strong></span> <span class='ocrx_word' id='word_1_324' title='bbox 2428 1496 2600 1538; x_wconf 84' lang='lat' dir='ltr'><strong>quoque</strong></span> 
     </span>
     <span class='ocr_line' id='line_1_61' title="bbox 1826 1554 2528 1610; baseline 0.004 -15"><span class='ocrx_word' id='word_1_325' title='bbox 1826 1555 2014 1595; x_wconf 85' lang='lat' dir='ltr'><strong>effectus</strong></span> <span class='ocrx_word' id='word_1_326' title='bbox 2034 1554 2182 1600; x_wconf 88' lang='lat' dir='ltr'><strong>habet.</strong></span> <span class='ocrx_word' id='word_1_327' title='bbox 2225 1555 2278 1598; x_wconf 91' lang='lat' dir='ltr'><strong>T.</strong></span> <span class='ocrx_word' id='word_1_328' title='bbox 2309 1555 2347 1599; x_wconf 94' lang='grc' dir='ltr'><strong>Ι.</strong></span> <span class='ocrx_word' id='word_1_329' title='bbox 2377 1569 2422 1610; x_wconf 88' lang='grc' dir='ltr'><strong>Ρ.</strong></span> <span class='ocrx_word' id='word_1_330' title='bbox 2453 1554 2528 1601; x_wconf 88' lang='grc'><strong>50.</strong></span> 
     </span>
     <span class='ocr_line' id='line_1_62' title="bbox 1823 1626 2579 1682; baseline 0.003 -14"><span class='ocrx_word' id='word_1_331' title='bbox 1823 1640 1921 1668; x_wconf 87' lang='lat' dir='ltr'><strong>cum</strong></span> <span class='ocrx_word' id='word_1_332' title='bbox 1953 1630 2069 1668; x_wconf 85' lang='lat' dir='ltr'><strong>statu</strong></span> <span class='ocrx_word' id='word_1_333' title='bbox 2099 1640 2253 1670; x_wconf 53' lang='lat' dir='ltr'><strong>nexum</strong></span> <span class='ocrx_word' id='word_1_334' title='bbox 2285 1627 2338 1671; x_wconf 92' lang='lat' dir='ltr'><strong>T.</strong></span> <span class='ocrx_word' id='word_1_335' title='bbox 2369 1627 2405 1672; x_wconf 88' lang='lat'><strong>1.</strong></span> <span class='ocrx_word' id='word_1_336' title='bbox 2435 1641 2478 1682; x_wconf 90' lang='lat' dir='ltr'><strong>p.</strong></span> <span class='ocrx_word' id='word_1_337' title='bbox 2509 1626 2579 1670; x_wconf 85' lang='lat'><strong>53.</strong></span> 
     </span>
     <span class='ocr_line' id='line_1_63' title="bbox 1821 1698 2615 1766; baseline 0.003 -26"><span class='ocrx_word' id='word_1_338' title='bbox 1821 1699 1878 1740; x_wconf 88' lang='lat' dir='ltr'><strong>ad</strong></span> <span class='ocrx_word' id='word_1_339' title='bbox 1926 1699 2156 1752; x_wconf 77' lang='lat' dir='ltr'><strong>imperium</strong></span> <span class='ocrx_word' id='word_1_340' title='bbox 2203 1698 2393 1743; x_wconf 85' lang='lat' dir='ltr'><strong>habitus.</strong></span> <span class='ocrx_word' id='word_1_341' title='bbox 2440 1700 2492 1744; x_wconf 89' lang='lat' dir='ltr'><strong>T.</strong></span> <span class='ocrx_word' id='word_1_342' title='bbox 2536 1701 2615 1766; x_wconf 69' lang='lat'><strong>11.</strong></span> 
     </span>
     <span class='ocr_line' id='line_1_64' title="bbox 1824 1769 2000 1825; baseline 0.006 -11"><span class='ocrx_word' id='word_1_343' title='bbox 1824 1785 1866 1825; x_wconf 90' lang='lat' dir='ltr'><strong>p.</strong></span> <span class='ocrx_word' id='word_1_344' title='bbox 1900 1769 2000 1815; x_wconf 89' lang='grc'><strong>129.</strong></span> 
     </span>
    </p>

    <p class='ocr_par' dir='ltr' id='par_1_30' title="bbox 1574 1844 2642 3125">
     <span class='ocr_line' id='line_1_65' title="bbox 1583 1844 2599 1887; baseline 0.003 -4"><span class='ocrx_word' id='word_1_345' title='bbox 1583 1869 1637 1876; x_wconf 89' lang='grc'><strong>-</strong></span> <span class='ocrx_word' id='word_1_346' title='bbox 1825 1845 1871 1884; x_wconf 90' lang='lat' dir='ltr'><strong>in</strong></span> <span class='ocrx_word' id='word_1_347' title='bbox 1902 1844 2153 1885; x_wconf 83' lang='lat' dir='ltr'><strong>societatem</strong></span> <span class='ocrx_word' id='word_1_348' title='bbox 2184 1844 2356 1885; x_wconf 87' lang='lat' dir='ltr'><strong>civilem</strong></span> <span class='ocrx_word' id='word_1_349' title='bbox 2391 1845 2599 1887; x_wconf 86' lang='lat' dir='ltr'><strong>influendi</strong></span> 
     </span>
     <span class='ocr_line' id='line_1_66' title="bbox 1753 1915 2502 1970; baseline 0.004 -14"><span class='ocrx_word' id='word_1_350' title='bbox 1753 1935 1765 1950; x_wconf 66' lang='lat' dir='ltr'><strong>r</strong></span> <span class='ocrx_word' id='word_1_351' title='bbox 1827 1917 1894 1957; x_wconf 85' lang='lat' dir='ltr'><strong>vis</strong></span> <span class='ocrx_word' id='word_1_352' title='bbox 1924 1923 1978 1957; x_wconf 79' lang='lat' dir='ltr'><strong>ac</strong></span> <span class='ocrx_word' id='word_1_353' title='bbox 2018 1917 2145 1959; x_wconf 85' lang='lat' dir='ltr'><strong>ratio.</strong></span> <span class='ocrx_word' id='word_1_354' title='bbox 2178 1917 2231 1959; x_wconf 91' lang='lat' dir='ltr'><strong>T.</strong></span> <span class='ocrx_word' id='word_1_355' title='bbox 2262 1916 2299 1959; x_wconf 92' lang='lat' dir='ltr'><strong>I.</strong></span> <span class='ocrx_word' id='word_1_356' title='bbox 2331 1930 2372 1970; x_wconf 90' lang='lat' dir='ltr'><strong>p.</strong></span> <span class='ocrx_word' id='word_1_357' title='bbox 2406 1915 2502 1960; x_wconf 83' lang='lat'><strong>129.</strong></span> 
     </span>
     <span class='ocr_line' id='line_1_67' title="bbox 1581 1987 2269 2043; baseline 0.007 -14"><span class='ocrx_word' id='word_1_358' title='bbox 1581 2015 1634 2020; x_wconf 87' lang='lat'>—</span> <span class='ocrx_word' id='word_1_359' title='bbox 1820 1989 1974 2034; x_wconf 82' lang='lat' dir='ltr'><strong>stadia.</strong></span> <span class='ocrx_word' id='word_1_360' title='bbox 2012 1989 2063 2032; x_wconf 92' lang='lat' dir='ltr'><strong>T.</strong></span> <span class='ocrx_word' id='word_1_361' title='bbox 2094 2003 2136 2043; x_wconf 90' lang='lat' dir='ltr'><strong>p.</strong></span> <span class='ocrx_word' id='word_1_362' title='bbox 2170 1987 2269 2034; x_wconf 84' lang='lat'><strong>177.</strong></span> 
     </span>
     <span class='ocr_line' id='line_1_68' title="bbox 1578 2061 2595 2116; baseline 0.002 -14"><span class='ocrx_word' id='word_1_363' title='bbox 1578 2087 1632 2092; x_wconf 91' lang='lat'>—</span> <span class='ocrx_word' id='word_1_364' title='bbox 1815 2061 2011 2115; x_wconf 79' lang='lat' dir='ltr'><strong>regimen</strong></span> <span class='ocrx_word' id='word_1_365' title='bbox 2039 2074 2126 2103; x_wconf 90' lang='lat' dir='ltr'><strong>non</strong></span> <span class='ocrx_word' id='word_1_366' title='bbox 2157 2066 2223 2103; x_wconf 87' lang='lat' dir='ltr'><strong>est</strong></span> <span class='ocrx_word' id='word_1_367' title='bbox 2254 2061 2489 2116; x_wconf 82' lang='lat' dir='ltr'><strong>politicum.</strong></span> <span class='ocrx_word' id='word_1_368' title='bbox 2542 2061 2595 2105; x_wconf 90' lang='lat' dir='ltr'><strong>T.</strong></span> 
     </span>
     <span class='ocr_line' id='line_1_69' title="bbox 2246 2132 2483 2188; baseline 0.021 -14"><span class='ocrx_word' id='word_1_369' title='bbox 2246 2134 2280 2177; x_wconf 94' lang='lat' dir='ltr'><strong>I.</strong></span> <span class='ocrx_word' id='word_1_370' title='bbox 2311 2148 2352 2188; x_wconf 91' lang='lat' dir='ltr'><strong>p.</strong></span> <span class='ocrx_word' id='word_1_371' title='bbox 2386 2132 2483 2179; x_wconf 88' lang='lat'><strong>180.</strong></span> 
     </span>
     <span class='ocr_line' id='line_1_70' title="bbox 2042 2206 2592 2251; baseline 0.007 -5"><span class='ocrx_word' id='word_1_372' title='bbox 2042 2229 2092 2236; x_wconf 97' lang='lat'>—</span> <span class='ocrx_word' id='word_1_373' title='bbox 2158 2229 2208 2237; x_wconf 90' lang='lat'>-</span> <span class='ocrx_word' id='word_1_374' title='bbox 2242 2206 2592 2251; x_wconf 81' lang='lat' dir='ltr'><strong>democraticum.</strong></span> 
     </span>
     <span class='ocr_line' id='line_1_71' title="bbox 2239 2278 2566 2333; baseline 0.006 -14"><span class='ocrx_word' id='word_1_375' title='bbox 2239 2278 2293 2322; x_wconf 91' lang='lat' dir='ltr'><strong>T.</strong></span> <span class='ocrx_word' id='word_1_376' title='bbox 2324 2279 2361 2322; x_wconf 94' lang='lat' dir='ltr'><strong>I.</strong></span> <span class='ocrx_word' id='word_1_377' title='bbox 2390 2292 2435 2333; x_wconf 88' lang='grc' dir='ltr'><strong>Ρ.</strong></span> <span class='ocrx_word' id='word_1_378' title='bbox 2472 2278 2566 2322; x_wconf 88' lang='grc'><strong>180.</strong></span> 
     </span>
     <span class='ocr_line' id='line_1_72' title="bbox 2004 2351 2642 2406; baseline 0.003 -16"><span class='ocrx_word' id='word_1_379' title='bbox 2004 2397 2013 2406; x_wconf 87' lang='lat'><strong>.</strong></span> <span class='ocrx_word' id='word_1_380' title='bbox 2040 2372 2095 2381; x_wconf 85' lang='lat'><strong>·—-</strong></span> <span class='ocrx_word' id='word_1_381' title='bbox 2155 2374 2210 2381; x_wconf 94' lang='lat'>—</span> <span class='ocrx_word' id='word_1_382' title='bbox 2240 2351 2557 2394; x_wconf 75' lang='lat' dir='ltr'><strong>aristocratico-</strong></span> <span class='ocrx_word' id='word_1_383' title='bbox 2639 2387 2642 2392; x_wconf 95' lang='lat'><strong>.</strong></span> 
     </span>
     <span class='ocr_line' id='line_1_73' title="bbox 2237 2423 2594 2477; baseline 0.008 -14"><span class='ocrx_word' id='word_1_384' title='bbox 2237 2423 2498 2477; x_wconf 86' lang='lat' dir='ltr'><strong>episcopale.</strong></span> <span class='ocrx_word' id='word_1_385' title='bbox 2543 2423 2594 2467; x_wconf 88' lang='lat' dir='ltr'><strong>T.</strong></span> 
     </span>
     <span class='ocr_line' id='line_1_74' title="bbox 2239 2494 2478 2550; baseline 0.004 -14"><span class='ocrx_word' id='word_1_386' title='bbox 2239 2496 2274 2539; x_wconf 94' lang='lat' dir='ltr'><strong>I.</strong></span> <span class='ocrx_word' id='word_1_387' title='bbox 2305 2509 2349 2550; x_wconf 90' lang='lat' dir='ltr'><strong>p.</strong></span> <span class='ocrx_word' id='word_1_388' title='bbox 2382 2494 2478 2539; x_wconf 89' lang='lat'><strong>181.</strong></span> 
     </span>
     <span class='ocr_line' id='line_1_75' title="bbox 2039 2567 2556 2608; baseline 0 0"><span class='ocrx_word' id='word_1_389' title='bbox 2039 2588 2094 2597; x_wconf 85' lang='lat'><strong>-—-</strong></span> <span class='ocrx_word' id='word_1_390' title='bbox 2154 2591 2208 2597; x_wconf 95' lang='lat'><strong>—</strong></span> <span class='ocrx_word' id='word_1_391' title='bbox 2239 2567 2556 2608; x_wconf 84' lang='lat' dir='ltr'><strong>aristocratico-</strong></span> 
     </span>
     <span class='ocr_line' id='line_1_76' title="bbox 2237 2639 2592 2693; baseline 0.011 -13"><span class='ocrx_word' id='word_1_392' title='bbox 2237 2639 2509 2693; x_wconf 83' lang='lat' dir='ltr'><strong>synodicum.</strong></span> <span class='ocrx_word' id='word_1_393' title='bbox 2539 2639 2592 2684; x_wconf 90' lang='grc' dir='ltr'><strong>Τ.</strong></span> 
     </span>
     <span class='ocr_line' id='line_1_77' title="bbox 2236 2710 2591 2766; baseline 0.008 -14"><span class='ocrx_word' id='word_1_394' title='bbox 2236 2711 2288 2756; x_wconf 94' lang='grc' dir='ltr'><strong>Τ.</strong></span> <span class='ocrx_word' id='word_1_395' title='bbox 2330 2711 2366 2752; x_wconf 94' lang='grc' dir='ltr'><strong>Ι.</strong></span> <span class='ocrx_word' id='word_1_396' title='bbox 2407 2725 2450 2766; x_wconf 83' lang='grc' dir='ltr'><strong>Ρ.</strong></span> <span class='ocrx_word' id='word_1_397' title='bbox 2493 2710 2591 2756; x_wconf 88' lang='grc'><strong>181.</strong></span> 
     </span>
     <span class='ocr_line' id='line_1_78' title="bbox 1577 2784 2591 2838; baseline 0 -14"><span class='ocrx_word' id='word_1_398' title='bbox 1577 2809 1631 2814; x_wconf 91' lang='lat'><strong>-—</strong></span> <span class='ocrx_word' id='word_1_399' title='bbox 1806 2786 2063 2836; x_wconf 86' lang='lat' dir='ltr'><strong>potestas</strong></span> <span class='ocrx_word' id='word_1_400' title='bbox 2093 2797 2182 2825; x_wconf 88' lang='lat' dir='ltr'><strong>non</strong></span> <span class='ocrx_word' id='word_1_401' title='bbox 2214 2797 2303 2826; x_wconf 85' lang='lat' dir='ltr'><strong>una</strong></span> <span class='ocrx_word' id='word_1_402' title='bbox 2331 2784 2591 2838; x_wconf 82' lang='lat' dir='ltr'><strong>peruasione</strong></span> 
     </span>
     <span class='ocr_line' id='line_1_79' title="bbox 1807 2853 2528 2910; baseline 0.004 -14"><span class='ocrx_word' id='word_1_403' title='bbox 1807 2855 2067 2896; x_wconf 89' lang='lat' dir='ltr'><strong>continetur.</strong></span> <span class='ocrx_word' id='word_1_404' title='bbox 2098 2855 2150 2899; x_wconf 88' lang='lat' dir='ltr'><strong>T.</strong></span> <span class='ocrx_word' id='word_1_405' title='bbox 2181 2856 2244 2900; x_wconf 92' lang='lat' dir='ltr'><strong>II.</strong></span> <span class='ocrx_word' id='word_1_406' title='bbox 2275 2870 2319 2910; x_wconf 90' lang='lat' dir='ltr'><strong>p.</strong></span> <span class='ocrx_word' id='word_1_407' title='bbox 2351 2869 2397 2910; x_wconf 88' lang='lat' dir='ltr'><strong>p.</strong></span> <span class='ocrx_word' id='word_1_408' title='bbox 2427 2853 2528 2899; x_wconf 85' lang='lat'><strong>443.</strong></span> 
     </span>
     <span class='ocr_line' id='line_1_80' title="bbox 1574 2925 2589 2978; baseline 0 -10"><span class='ocrx_word' id='word_1_409' title='bbox 1574 2953 1628 2958; x_wconf 92' lang='lat'>—</span> <span class='ocrx_word' id='word_1_410' title='bbox 1804 2927 2013 2972; x_wconf 86' lang='lat' dir='ltr'><strong>unitas.</strong></span> <span class='ocrx_word' id='word_1_411' title='bbox 2046 2927 2187 2978; x_wconf 78' lang='lat' dir='ltr'><strong>Quam</strong></span> <span class='ocrx_word' id='word_1_412' title='bbox 2224 2928 2435 2968; x_wconf 88' lang='lat' dir='ltr'><strong>unitatem</strong></span> <span class='ocrx_word' id='word_1_413' title='bbox 2466 2925 2589 2968; x_wconf 83' lang='lat' dir='ltr'><strong>Chri-</strong></span> 
     </span>
     <span class='ocr_line' id='line_1_81' title="bbox 1806 2997 2615 3060; baseline 0.002 -20"><span class='ocrx_word' id='word_1_414' title='bbox 1806 3004 1899 3041; x_wconf 91' lang='lat' dir='ltr'><strong>stus</strong></span> <span class='ocrx_word' id='word_1_415' title='bbox 1929 3001 2128 3044; x_wconf 88' lang='lat' dir='ltr'><strong>voluerit.</strong></span> <span class='ocrx_word' id='word_1_416' title='bbox 2161 3000 2214 3043; x_wconf 89' lang='lat' dir='ltr'><strong>T.</strong></span> <span class='ocrx_word' id='word_1_417' title='bbox 2245 2999 2282 3043; x_wconf 91' lang='lat'><strong>1.</strong></span> <span class='ocrx_word' id='word_1_418' title='bbox 2312 3013 2356 3053; x_wconf 88' lang='grc' dir='ltr'><strong>Ρ.</strong></span> <span class='ocrx_word' id='word_1_419' title='bbox 2390 2997 2490 3042; x_wconf 91' lang='grc'><strong>182.</strong></span> <span class='ocrx_word' id='word_1_420' title='bbox 2608 3051 2615 3060; x_wconf 27' lang='grc' dir='ltr'><em>η</em></span> 
     </span>
     <span class='ocr_line' id='line_1_82' title="bbox 1576 3070 2590 3125; baseline 0.003 -12"><span class='ocrx_word' id='word_1_421' title='bbox 1576 3095 1629 3101; x_wconf 83' lang='grc'><strong>-</strong></span> <span class='ocrx_word' id='word_1_422' title='bbox 1806 3072 2046 3113; x_wconf 86' lang='lat' dir='ltr'><strong>libertas</strong></span> <span class='ocrx_word' id='word_1_423' title='bbox 2075 3085 2196 3116; x_wconf 84' lang='lat' dir='ltr'><strong>vera.</strong></span> <span class='ocrx_word' id='word_1_424' title='bbox 2241 3072 2294 3115; x_wconf 91' lang='lat' dir='ltr'><strong>T.</strong></span> <span class='ocrx_word' id='word_1_425' title='bbox 2327 3071 2384 3112; x_wconf 91' lang='lat'><strong>11.</strong></span> <span class='ocrx_word' id='word_1_426' title='bbox 2417 3085 2460 3125; x_wconf 92' lang='lat' dir='ltr'><strong>p.</strong></span> <span class='ocrx_word' id='word_1_427' title='bbox 2488 3070 2590 3116; x_wconf 86' lang='lat'><strong>417.</strong></span> 
     </span>
    </p>
   </div>
   <div class='ocr_carea' id='block_1_26' title="bbox 1429 3143 2590 3198">
    <p class='ocr_par' dir='ltr' id='par_1_31' title="bbox 1429 3143 2590 3198">
     <span class='ocr_line' id='line_1_83' title="bbox 1429 3143 2590 3198; baseline 0.003 -13"><span class='ocrx_word' id='word_1_428' title='bbox 1429 3145 1468 3185; x_wconf 91' lang='lat' dir='ltr'><strong>E</strong></span> <span class='ocrx_word' id='word_1_429' title='bbox 1486 3158 1510 3185; x_wconf 91' lang='lat' dir='ltr'><strong>c</strong></span> <span class='ocrx_word' id='word_1_430' title='bbox 1527 3157 1550 3185; x_wconf 92' lang='lat' dir='ltr'><strong>c</strong></span> <span class='ocrx_word' id='word_1_431' title='bbox 1566 3144 1580 3184; x_wconf 97' lang='lat' dir='ltr'><strong>l</strong></span> <span class='ocrx_word' id='word_1_432' title='bbox 1597 3158 1621 3185; x_wconf 84' lang='lat' dir='ltr'><strong>c</strong></span> <span class='ocrx_word' id='word_1_433' title='bbox 1638 3157 1658 3185; x_wconf 92' lang='lat' dir='ltr'><strong>s</strong></span> <span class='ocrx_word' id='word_1_434' title='bbox 1675 3145 1731 3186; x_wconf 88' lang='lat' dir='ltr'><strong>ia</strong></span> <span class='ocrx_word' id='word_1_435' title='bbox 1747 3158 1789 3185; x_wconf 92' lang='lat' dir='ltr'><strong>m</strong></span> <span class='ocrx_word' id='word_1_436' title='bbox 1821 3143 2052 3185; x_wconf 89' lang='lat' dir='ltr'><strong>defendere</strong></span> <span class='ocrx_word' id='word_1_437' title='bbox 2083 3145 2198 3198; x_wconf 83' lang='lat' dir='ltr'><strong>parit</strong></span> <span class='ocrx_word' id='word_1_438' title='bbox 2228 3143 2424 3198; x_wconf 84' lang='lat' dir='ltr'><strong>gloriam.</strong></span> <span class='ocrx_word' id='word_1_439' title='bbox 2456 3144 2508 3187; x_wconf 91' lang='lat' dir='ltr'><strong>T.</strong></span> <span class='ocrx_word' id='word_1_440' title='bbox 2532 3144 2590 3188; x_wconf 86' lang='lat'><strong>11.</strong></span> 
     </span>
    </p>
   </div>
   <div class='ocr_carea' id='block_1_27' title="bbox 1603 3214 2587 3476">
    <p class='ocr_par' dir='ltr' id='par_1_32' title="bbox 1603 3214 2587 3476">
     <span class='ocr_line' id='line_1_84' title="bbox 1858 3214 2000 3259; baseline 0 0"><span class='ocrx_word' id='word_1_441' title='bbox 1858 3248 1870 3259; x_wconf 94' lang='lat'><strong>.</strong></span> <span class='ocrx_word' id='word_1_442' title='bbox 1902 3214 2000 3259; x_wconf 83' lang='lat'><strong>437.</strong></span> 
     </span>
     <span class='ocr_line' id='line_1_85' title="bbox 1603 3230 2587 3343; baseline 0.003 -15"><span class='ocrx_word' id='word_1_443' title='bbox 1603 3313 1656 3319; x_wconf 94' lang='lat'><strong>-—</strong></span> <span class='ocrx_word' id='word_1_444' title='bbox 1825 3230 2082 3330; x_wconf 55' lang='lat' dir='ltr'><strong>{onculcare</strong></span> <span class='ocrx_word' id='word_1_445' title='bbox 2127 3290 2238 3343; x_wconf 86' lang='lat' dir='ltr'><strong>parit</strong></span> <span class='ocrx_word' id='word_1_446' title='bbox 2267 3288 2503 3331; x_wconf 88' lang='lat' dir='ltr'><strong>interitum.</strong></span> <span class='ocrx_word' id='word_1_447' title='bbox 2535 3287 2587 3331; x_wconf 90' lang='lat' dir='ltr'><strong>T.</strong></span> 
     </span>
     <span class='ocr_line' id='line_1_86' title="bbox 1825 3358 2089 3415; baseline 0.008 -13"><span class='ocrx_word' id='word_1_448' title='bbox 1825 3361 1883 3404; x_wconf 85' lang='lat'><strong>11.</strong></span> <span class='ocrx_word' id='word_1_449' title='bbox 1914 3375 1955 3415; x_wconf 90' lang='lat' dir='ltr'><strong>p.</strong></span> <span class='ocrx_word' id='word_1_450' title='bbox 1986 3358 2089 3404; x_wconf 84' lang='lat'><strong>437.</strong></span> 
     </span>
     <span class='ocr_line' id='line_1_87' title="bbox 2450 3430 2587 3476; baseline 0.007 -5"><span class='ocrx_word' id='word_1_451' title='bbox 2450 3430 2500 3474; x_wconf 87' lang='lat' dir='ltr'><strong>T.</strong></span> <span class='ocrx_word' id='word_1_452' title='bbox 2526 3431 2587 3476; x_wconf 75' lang='lat'><strong>11.</strong></span> 
     </span>
    </p>
   </div>
   <div class='ocr_carea' id='block_1_28' title="bbox 1543 3503 1689 3559">
    <p class='ocr_par' dir='ltr' id='par_1_33' title="bbox 1543 3503 1689 3559">
     <span class='ocr_line' id='line_1_88' title="bbox 1543 3503 1689 3559; baseline 0 -10"><span class='ocrx_word' id='word_1_453' title='bbox 1543 3519 1586 3559; x_wconf 92' lang='grc' dir='ltr'><strong>Ρ.</strong></span> <span class='ocrx_word' id='word_1_454' title='bbox 1618 3503 1689 3549; x_wconf 87' lang='grc'><strong>30.</strong></span> 
     </span>
    </p>
   </div>
   <div class='ocr_carea' id='block_1_29' title="bbox 1610 3615 2417 3689">
    <p class='ocr_par' dir='ltr' id='par_1_34' title="bbox 1610 3615 2417 3689">
     <span class='ocr_line' id='line_1_89' title="bbox 1610 3615 2417 3689; baseline 0.001 -19"><span class='ocrx_word' id='word_1_455' title='bbox 1610 3615 1936 3672; x_wconf 88' lang='lat' dir='ltr'><strong>Ecclesia</strong></span> <span class='ocrx_word' id='word_1_456' title='bbox 1974 3616 2417 3689; x_wconf 88' lang='lat' dir='ltr'><strong>Apostolica.</strong></span> 
     </span>
    </p>
   </div>
   <div class='ocr_carea' id='block_1_30' title="bbox 1428 3703 2585 3760">
    <p class='ocr_par' dir='ltr' id='par_1_35' title="bbox 1428 3703 2585 3760">
     <span class='ocr_line' id='line_1_90' title="bbox 1428 3703 2585 3760; baseline 0.002 -13"><span class='ocrx_word' id='word_1_457' title='bbox 1428 3706 1466 3746; x_wconf 91' lang='lat' dir='ltr'><strong>E</strong></span> <span class='ocrx_word' id='word_1_458' title='bbox 1481 3720 1504 3747; x_wconf 91' lang='lat' dir='ltr'><strong>c</strong></span> <span class='ocrx_word' id='word_1_459' title='bbox 1517 3706 1599 3747; x_wconf 90' lang='lat' dir='ltr'><strong>cle</strong></span> <span class='ocrx_word' id='word_1_460' title='bbox 1612 3708 1694 3747; x_wconf 88' lang='lat' dir='ltr'><strong>sia</strong></span> <span class='ocrx_word' id='word_1_461' title='bbox 1705 3719 1729 3747; x_wconf 90' lang='lat' dir='ltr'><strong>e</strong></span> <span class='ocrx_word' id='word_1_462' title='bbox 1758 3706 2037 3760; x_wconf 83' lang='lat' dir='ltr'><strong>Apostolicae</strong></span> <span class='ocrx_word' id='word_1_463' title='bbox 2059 3709 2255 3747; x_wconf 90' lang='lat' dir='ltr'><strong>centrum</strong></span> <span class='ocrx_word' id='word_1_464' title='bbox 2267 3705 2322 3751; x_wconf 89' lang='lat' dir='ltr'><strong>T.</strong></span> <span class='ocrx_word' id='word_1_465' title='bbox 2343 3705 2403 3750; x_wconf 88' lang='grc' dir='ltr'><strong>ΙΙ.</strong></span> <span class='ocrx_word' id='word_1_466' title='bbox 2423 3719 2467 3759; x_wconf 90' lang='lat' dir='ltr'><strong>p.</strong></span> <span class='ocrx_word' id='word_1_467' title='bbox 2489 3703 2585 3749; x_wconf 90' lang='lat'><strong>106.</strong></span> 
     </span>
    </p>
   </div>
   <div class='ocr_carea' id='block_1_31' title="bbox 2029 3777 2587 3903">
    <p class='ocr_par' dir='ltr' id='par_1_36' title="bbox 2029 3777 2587 3903">
     <span class='ocr_line' id='line_1_91' title="bbox 2030 3777 2587 3831; baseline 0 -13"><span class='ocrx_word' id='word_1_468' title='bbox 2030 3777 2152 3818; x_wconf 87' lang='lat' dir='ltr'><strong>nulla</strong></span> <span class='ocrx_word' id='word_1_469' title='bbox 2167 3781 2338 3831; x_wconf 86' lang='lat' dir='ltr'><strong>praeter</strong></span> <span class='ocrx_word' id='word_1_470' title='bbox 2348 3777 2587 3818; x_wconf 84' lang='lat' dir='ltr'><strong>Romanam</strong></span> 
     </span>
     <span class='ocr_line' id='line_1_92' title="bbox 2029 3848 2584 3903; baseline -0.004 -13"><span class='ocrx_word' id='word_1_471' title='bbox 2029 3851 2257 3895; x_wconf 86' lang='lat' dir='ltr'><strong>unitatem.</strong></span> <span class='ocrx_word' id='word_1_472' title='bbox 2288 3850 2341 3893; x_wconf 91' lang='lat' dir='ltr'><strong>T.</strong></span> <span class='ocrx_word' id='word_1_473' title='bbox 2367 3850 2402 3892; x_wconf 90' lang='lat'><strong>1.</strong></span> <span class='ocrx_word' id='word_1_474' title='bbox 2428 3863 2470 3903; x_wconf 87' lang='grc' dir='ltr'><strong>Ρ.</strong></span> <span class='ocrx_word' id='word_1_475' title='bbox 2489 3848 2584 3892; x_wconf 88' lang='grc'><strong>190.</strong></span> 
     </span>
    </p>
   </div>
   <div class='ocr_carea' id='block_1_32' title="bbox 1541 3990 2100 4047">
    <p class='ocr_par' dir='ltr' id='par_1_37' title="bbox 1541 3990 2100 4047">
     <span class='ocr_line' id='line_1_93' title="bbox 1541 3990 2100 4047; baseline 0.005 -14"><span class='ocrx_word' id='word_1_476' title='bbox 1541 3993 1750 4034; x_wconf 87' lang='lat' dir='ltr'><strong>unitatem</strong></span> <span class='ocrx_word' id='word_1_477' title='bbox 1780 3993 1829 4037; x_wconf 89' lang='lat' dir='ltr'><strong>T.</strong></span> <span class='ocrx_word' id='word_1_478' title='bbox 1859 3993 1895 4038; x_wconf 92' lang='lat' dir='ltr'><strong>I.</strong></span> <span class='ocrx_word' id='word_1_479' title='bbox 1926 4006 1970 4047; x_wconf 83' lang='lat' dir='ltr'><strong>P.</strong></span> <span class='ocrx_word' id='word_1_480' title='bbox 2003 3990 2100 4036; x_wconf 90' lang='grc'><strong>191.</strong></span> 
     </span>
    </p>
   </div>
  </div>
 </body>
</html>
