2716 4446
1393 148 1742 208 —410-

533 294 797 348 eiusmodi
834 294 1082 364 posuisse
1122 292 1358 360 edicunt,
1397 300 1513 345 tum
1539 291 1751 345 collatis
1776 289 2204 362 illyricianorum
2230 293 2606 364 episcoporum

531 387 889 454 documentis,
944 384 1142 457 quibus
1196 384 1546 439 declararunt
1575 385 1612 456 ¹)
1662 404 1720 438 se
1766 384 2055 439 facultates
2100 384 2448 457 Apostolicas
2484 388 2606 458 Pro-

531 482 687 550 tueri,
730 480 988 552 quoniam
1025 479 1209 532 nullus
1249 479 1655 533 ecclesiasticus
1695 479 1825 533 ordo
1873 479 2021 532 illam
2058 479 2328 549 Vestram,
2367 480 2439 532 ad
2473 498 2605 551 pon·

528 575 732 628 tificem
772 572 1052 643 scribunt,
1113 593 1253 646 quae
1311 595 1344 628 a
1402 574 1687 628 Salvatore
1746 572 2003 644 omnium,
2063 583 2117 628 et
2171 576 2345 645 primo
2382 571 2611 628 Pastore-

527 668 702 722 Vobis
760 675 844 721 est
902 668 1132 737 conlata,
1191 678 1373 740 potest
1428 669 1762 741 praecellere
1818 677 2171 740 potestatem:
2212 669 2469 740 exiguum
2507 675 2613 736 est,-

528 763 619 817 vel
655 762 876 831 humile,
918 765 976 816 in
1015 781 1119 835 quo
1147 763 1492 834 providentia
1517 762 1716 817 Vestra
1741 764 1978 835 respicit.
2020 763 2296 830 Quantum
2321 763 2434 817 Vos
2461 761 2607 833 apud

526 858 709 912 Deum
767 875 954 911 omnes
1012 856 1364 928 praecellitiS,
1423 864 1573 911 tanto
1629 856 1744 911 Vos
1802 877 2028 911 necesse
2067 867 2150 911 est
2187 859 2442 929 cogitare,
2482 858 2609 929 quia
2664 930 2668 931 ⁷

514 953 664 1006 haec
703 960 787 1005 est
823 951 1073 1022 probatio
1111 951 1295 1005 Deum
1333 952 1646 1016 amantium,
1689 958 1749 1004 ut
1773 959 1896 1022 post
1919 951 2102 1005 Deum
2126 952 2289 1006 Pater
2326 959 2380 1005 et
2401 951 2610 1007 Doctor

529 1052 750 1099 sanctae
788 1044 1075 1098 Ecclesiae
1113 1045 1308 1098 Petrus
1346 1045 1579 1098 Vestrae
1639 1052 1693 1098 et
1730 1046 1895 1099 totius
1933 1045 2126 1099 mundi
2163 1053 2407 1100 testatur.
2437 1080 2439 1083 .
2465 1044 2608 1112 Quia

527 1140 765 1193 Domino
806 1139 1022 1192 dicente
1062 1140 1252 1192 tertio:
1291 1138 1458 1192 Amas
1499 1138 1628 1191 me?
1665 1157 1830 1210 pasce
1869 1157 2000 1193 oves
2038 1157 2218 1208 meas3
2257 1139 2422 1193 tradit
2458 1140 2608 1211 prius

527 1233 701 1287 Vobis
757 1233 1014 1286 mandata
1071 1232 1380 1301 ostendens,
1438 1240 1492 1285 et
1528 1251 1628 1303 per
1668 1232 1779 1286 Vos
1830 1232 2026 1287 deinde
2066 1233 2315 1288 omnibus
2341 1252 2453 1305 «per
2489 1234 2606 1287 uni·

528 1346 748 1381 versum
784 1325 1049 1380 mundum
1089 1327 1303 1380 sanctis>
1335 1325 1586 1380 ecclesiis
1626 1327 2022 1398 condonavit„:
2081 1346 2152 1380 ex
2207 1327 2310 1398 his,
2366 1329 2606 1399 inquam,

528 1422 722 1475 merito
747 1421 792 1493 ⁹)
831 1420 1063 1474 infertur
1105 1419 1355 1491 „titulum
1394 1421 1734 1490 patriarchae
1774 1422 2089 1492 occidentis,
2130 1423 2223 1494 qui
2259 1423 2316 1475 in
2353 1409 2607 1493 pontifice

530 1515 791 1570 coalescit
828 1534 953 1568 cum
1008 1515 1167 1569 titulo
1227 1523 1282 1568 et
1337 1514 1603 1586 dignitate
1641 1516 1906 1586 primatiS,
1944 1515 2080 1569 nihil
2117 1535 2280 1587 posse
2319 1517 2377 1570 vi
2413 1534 2478 1579 ac
2509 1522 2608 1569 'na-

527 1617 682 1664 turae
720 1613 987 1682 primatus
1026 1609 1297 1679 adimere3
1350 1627 1473 1662 cum
1523 1610 1845 1681 praesertim
1883 1610 2070 1664 titulus
2108 1611 2370 1682 primatus
2408 1629 2453 1663 as
2476 1615 2606 1681 pon-

503 1704 770 1770 tificibus
809 1703 1190 1775 delegantibus
1231 1722 1543 1774 expressuS,
1585 1704 1749 1759 fuerit
1786 1704 1854 1758 ab
1894 1705 2184 1776 episcopiS,
2231 1704 2302 1758 ad
2341 1723 2476 1777 quos
2517 1702 2606 1758 Vi-

173 1911 308 1945 Vicarii
336 1914 408 1945 tum
434 1914 514 1945 tem-

163 1955 265 1996 porte
293 1956 512 1996 facultates:

325 2666 358 2699 10

170 2706 382 2741 ordinariae
401 2718 444 2740 ac
458 2709 512 2740 iu-

166 2751 383 2785 &edictionis
391 2754 514 2785 volun-

277 2795 404 2830 tariae.

233 3674 457 3715 Bonifacim.

529 1800 662 1854 carii
701 1798 1111 1871 delegabantur,
1153 1799 1370 1870 agnitus
1395 1799 1441 1872 3)
1482 1817 1553 1875 ac⁴
1584 1806 1892 1870 receptus„

700 1894 826 1951 435.
884 1892 994 1947 Sed
1044 1911 1312 1965 quaenam
1367 1893 1712 1947 Vicariorum
1770 1893 2038 1947 eiusmodi
2093 1912 2437 1947 romanorum
2493 1900 2610 1948 erat

527 1988 810 2062 potestas?
851 1987 1105 2060 qualibus
1145 1995 1299 2041 erant
1337 1988 1580 2041 distincti
1617 1987 2007 2045 facultatibus?
2049 1988 2608 2060 „Amplissimae'qui-
2658 2005 2662 2008 ·

527 2082 654 2136 dem
692 2089 860 2151 erant,
899 2068 977 2135 ita
992 2082 1038 2154 4)
1095 2082 1242 2151 Pius,
1300 2081 1612 2136 huiusmodi
1655 2068 1964 2151 facultates,
2023 2082 2159 2136 adeo
2210 2090 2269 2136 ut
2320 2082 2606 2155 pontifices

525 2176 760 2249 professi
797 2175 1001 2229 fuerint
1024 2175 1064 2244 ⁵)
1120 2194 1178 2229 se
1226 2174 1336 2228 illis
1389 2194 1455 2239 ea
1508 2182 1704 2229 cuncta
1756 2176 2107 2245 committere,
2148 2194 2286 2248 quae
2325 2195 2358 2229 a
2395 2195 2452 2230 se
2490 2175 2624 2247 geri.

527 2272 887 2343 potuissent.„
948 2269 1024 2324 At
1073 2270 1351 2342 generalia
1400 2270 1537 2324 haec
1589 2278 1741 2340 sunt3
1794 2271 2039 2343 adeoque
2090 2290 2188 2342 per
2223 2277 2405 2342 partes
2444 2277 2606 2323 etex

529 2365 735 2434 ordine,
775 2365 1033 2419 distincta
1068 2366 1305 2436 primum
1343 2365 1729 2419 iurisdictione
1758 2365 2032 2419 ordinaria
2069 2385 2101 2419 a
2127 2366 2481 2420 contentiosa
2503 2362 2607 2434 „ad

528 2458 813 2513 facultates
851 2458 1191 2513 voluntariae
1229 2458 1621 2513 iurisdictionis
1650 2459 1797 2531 quod
1822 2460 2045 2530 attinet„
2090 2468 2373 2513 enarratur
2394 2459 2440 2531 6)
2478 2476 2604 2534 con-
2647 2478 2650 2479 ⁷

534 2572 749 2609 cessum
787 2554 865 2608 eis
904 2553 1102 2611 fuisse:
2465 2626 2468 2627 ⁷
2573 2549 2578 2555 ”

700 2649 743 2704 Ι.
785 2648 911 2719 „Ius
949 2647 1101 2717 illud,
1142 2647 1289 2720 quod
1312 2648 1357 2721 ⁷)
1396 2648 1719 2703 visitationis
1760 2647 2118 2702 ecclesiarum
2155 2643 2431 2703 vocamus,

672 2743 746 2799 II.
783 2744 875 2797 Ius
913 2743 1225 2816 inquirendi
1261 2743 1639 2815 probandique
1677 2742 2026 2797 idoneitatem
2048 2741 2093 2813 8)
2132 2740 2361 2811 illorum,
2402 2743 2513 2813 qui-
2533 2741 2604 2794 ad

534 2838 847 2911 episcopale
885 2856 1082 2892 munus
1121 2838 1567 2911 proveherentur.

703 3086 737 3142 ¹)
767 3087 836 3130 Ita
867 3086 1078 3142 Stephan.
1111 3101 1180 3142 ep.
1212 3087 1355 3130 lariss.
1386 3087 1433 3127 in
1463 3085 1582 3128 libel.
1614 3085 1661 3126 in
1692 3098 1817 3129 conc.
1848 3085 1976 3128 Rom.
2022 3083 2105 3128 III.
2147 3097 2254 3127 SeSS.
2294 3084 2332 3127 Ι.
2375 3084 2520 3126 oblato
2567 3097 2640 3141 ε..7

527 3159 779 3202 Bonifacio:
813 3160 894 3204 col.
926 3160 1062 3202 altero
1093 3160 1213 3201 libel.
1246 3159 1389 3201 eidem
1417 3161 1619 3213 porrecto
1650 3170 1760 3203 sess,
1789 3157 1846 3202 Π.
1877 3157 1908 3201 l.
1941 3170 1979 3201 c.
2013 3157 2111 3202 coll.
2141 3154 2245 3201 836.
2276 3155 2376 3203 840.
2407 3155 2508 3202 842.

709 3231 741 3287 ²)
772 3233 884 3278 Ibid.
914 3246 957 3276 n.
979 3227 1062 3276 52.
1094 3246 1169 3286 pp.
1201 3230 1300 3276 209.
1333 3245 1400 3286 sq.

704 3305 739 3361 ⁸)
774 3306 841 3350 Of.
886 3306 1007 3350 libel.
1054 3305 1241 3359 supplic.
1288 3305 1387 3349 coll.
1419 3303 1520 3349 839.
1553 3317 1651 3359 sqq.
1682 3317 1766 3346 nec
1794 3317 1885 3346 non
1915 3303 2071 3348 adiect.
2102 3303 2252 3348 adnot.
2274 3317 2310 3352 ,a
2338 3303 2449 3348 Luc.
2491 3302 2600 3344 Hol-

528 3382 638 3424 sten.
670 3379 729 3421 ib.
764 3379 846 3423 col.
877 3376 977 3423 869.

704 3450 737 3506 ⁴)
769 3451 939 3492 Ibidem
967 3463 1011 3494 n.
1041 3447 1112 3494 53.
1143 3463 1187 3504 Ρ.
1218 3447 1320 3494 210.
1386 3456 1389 3458 ’

707 3523 741 3578 ⁵)
771 3523 918 3567 Bonif.
949 3536 1017 3577 ep.
1049 3523 1106 3564 ad
1135 3522 1238 3566 Rus.
1268 3536 1312 3567 n.
1344 3520 1384 3566 8.
1416 3522 1445 3565 l.
1479 3535 1518 3567 c.
1552 3523 1633 3566 col.
1662 3520 1762 3567 848.

709 3593 743 3651 ⁶)
774 3595 945 3637 Ibidem
975 3609 1050 3639 nn.
1081 3594 1154 3639 54.
1187 3608 1281 3650 sqq.
1313 3609 1387 3650 pp.
1419 3593 1519 3640 210.
1549 3609 1646 3650 sqq.

706 3666 739 3724 ⁷)
771 3670 1025 3712 Bonifacius
1054 3669 1170 3711 Rufo
1199 3683 1243 3714 n.
1275 3667 1316 3713 7.
1349 3669 1429 3713 coL
1461 3666 1562 3713 847.
1595 3669 1689 3722 „Te
1720 3681 1836 3722 ergo,
1870 3667 2027 3709 Frater
2056 3667 2292 3720 carissime,
2324 3666 2464 3708 omnis
2495 3678 2600 3707 cura

530 3744 750 3795 respectat
781 3754 930 3783 earum
960 3741 1260 3792 ecclesiarum,
1300 3753 1408 3795 quas
1439 3741 1541 3782 Tibi
1571 3741 1667 3781 vice
1699 3739 1825 3781 Sedis
1854 3738 2136 3793 Apostolieae
2176 3751 2204 3779 a
2232 3737 2372 3779 Nobis
2413 3737 2599 3779 creditas

530 3826 830 3868 recognosces,
859 3818 909 3856 ut
939 3818 982 3856 et
1010 3827 1148 3869 prava
1178 3814 1384 3868 corrigas,
1417 3817 1460 3855 et
1490 3813 1701 3866 dissipata
1732 3824 2007 3866 componas„

707 3887 741 3944 ⁸)
774 3887 922 3930 Sixtus
951 3888 1034 3933 ΙΙΙ.
1066 3889 1200 3942 episc.
1233 3887 1389 3941 synod.
1420 3900 1492 3940 ap.
1534 3885 1789 3927 Thessalon.
1833 3883 2132 3938 congreganti.
2173 3896 2216 3927 n.
2259 3879 2328 3926 15.
2369 3880 2452 3925 cols
2493 3879 2596 3924 855.

531 3958 728 4003 Bonifac.
760 3960 818 4003 ad
846 3960 949 4013 Ruf.
980 3974 1023 4006 n.
1055 3957 1126 4004 10.
1159 3959 1242 4005 col.
1274 3957 1376 4005 853.
1419 3955 1654 4003 Coelestin.
1698 3957 1828 4014 episc.
1870 3970 1949 4013 per
1978 3956 2140 4012 Illyric.
2179 3967 2226 4001 n.
2268 3950 2338 3998 13.
2377 3953 2458 3998 col.
2495 3951 2595 3998 854.
