2716 4446
1110 176 1457 237 -403—

244 329 507 392 versatur,
548 320 664 377 sive
704 320 1126 391 sacramentalia,
1156 339 1294 393 quae
1333 323 1391 375 in
1429 320 1871 375 administrandis
1892 319 1934 394 ¹)
1969 316 2320 391 recipiendis-

245 437 348 490 que
402 417 756 471 sacramentis
821 423 875 470 et
938 415 1425 470 sacramentalibus
1490 415 1758 489 expletur,
1823 416 1940 470 sive
2005 413 2323 486 simpliciter

245 511 630 580 ecclesiastica,
690 527 829 582 quae
869 510 938 564 ad
979 528 1320 564 communem
1361 510 1691 565 christianae
1743 509 2172 565 conversationis
2210 507 2322 579 pie-

243 612 408 659 tatem
439 605 483 678 2)
535 605 826 677 pertinent,
885 603 1025 657 ferre
1077 604 1241 674 valet,
1297 605 1415 675 ipse
1457 604 1603 659 solus
1632 604 1677 676 ³)
1739 605 1834 677 qui
1891 610 1944 657 et
1983 601 2127 657 solus
2177 601 2326 657 valet

242 699 379 754 latas
416 718 627 754 rursum
667 698 758 753 vel
794 705 1002 752 mutare
1042 697 1131 752 vel
1171 699 1333 752 etiam
1372 699 1610 755 abolere.

590 882 631 925 3.
663 883 759 925 Usu
787 882 1046 924 nominatim
1077 882 1347 937 legationum
1376 883 1716 938 apostolicarum
1747 882 1979 938 expolitur.

415 1027 539 1083 429.
566 1027 687 1080 Hac
712 1033 893 1079 autem
918 1025 1218 1079 inmediata
1243 1027 1300 1079 in
1323 1045 1509 1081 omnes
1536 1033 1803 1098 potestate
1831 1026 2142 1098 pontificem
2167 1044 2326 1079 usum
2342 1028 2688 1108 Leqattoxggroma-

218 1159 221 1165 -
245 1141 460 1194 semper
485 1124 540 1176 in
568 1121 1040 1193 contemperanda,
1069 1128 1129 1174 ut
1153 1139 1252 1192 par
1277 1129 1375 1190 est,
1401 1121 1648 1175 fidelium
1674 1122 1788 1175 vita
1813 1121 1998 1189 fuisse,
2027 1119 2326 1174 decretales

243 1216 560 1289 pontificum
586 1216 801 1270 litterae
840 1215 967 1269 inde
1006 1214 1075 1268 ab
1103 1214 1384 1286 Apostolis
1410 1215 1776 1286 patefaciunt,
1818 1233 2066 1286 quaeque
2091 1216 2136 1288 4)
2176 1216 2328 1286 prius

228 1311 680 1384 ‘deprompsi-mus
709 1311 839 1363 satis
869 1327 1141 1381 superque
1170 1309 1477 1363 ostendunt.
1517 1309 1784 1363 Patefacit
1803 1309 2051 1380 inprimis
2074 1310 2328 1381 antiquus

245 1406 640 1476 continuusque
678 1403 982 1475 legatorum
1018 1422 1366 1458 romanorum
1403 1423 1552 1473 USUS,
1594 1423 1755 1476 quem
1795 1422 1961 1474 quum
2001 1403 2329 1458 Germaniae

246 1506 478 1571 quatuor
514 1498 891 1570 metropolitae
919 1496 1126 1552 nollent
1164 1516 1479 1569 agnoscere,
1520 1499 1599 1551 ita
1629 1498 1674 1570 ⁵)
1716 1499 1844 1552 Pius
1873 1506 2059 1553 sextus
2089 1497 2328 1552 scribere
2431 1501 2603 1539 PinI·

244 1594 438 1647 iussit:
514 1593 661 1666 „Sed
701 1601 761 1648 ut
811 1594 892 1648 rei
942 1593 1145 1648 veritas
1197 1595 1373 1665 magis
1438 1593 1747 1662 elucescat,
1814 1614 1907 1648 eas
1958 1593 2118 1648 modo
2170 1593 2328 1649 vobis

244 1688 480 1742 rationes
520 1687 874 1759 explicandas
916 1688 1277 1760 suscipimus,
1344 1708 1483 1762 quae
1524 1689 1748 1743 cuilibet
1785 1688 2179 1760 persuadeant,
2244 1680 2329 1743 ius

246 1799 366 1835 esse
403 1801 626 1837 romano
665 1783 910 1854 pontifici
947 1783 1187 1838 habendi
1225 1783 1437 1856 aliquos
1477 1786 1535 1838 in
1573 1784 1780 1838 dissitis
1819 1785 2139 1855 praesertim
2177 1782 2330 1853 locis,

247 1877 342 1948 qui
381 1879 466 1931 sui
503 1877 745 1932 absentis
783 1896 1075 1949 personam
1100 1886 1530 1951 repraesentent,
1573 1880 1668 1951 qui
1703 1879 2132 1932 iurisdictionem
2153 1897 2323 1948 suam,

251 1977 415 2042 atque
478 1973 854 2026 auctoritatem
903 1973 1084 2028 stabili
1137 1974 1481 2047 delegatione
1540 1973 1794 2028 collatam
1846 1981 2167 2043 exerceant,
2239 1975 2334 2046 qui

251 2067 487 2139 denique
527 2086 652 2120 suas
691 2069 842 2122 vices
883 2067 1099 2138 obeant,
1137 2068 1302 2140 idque
1331 2088 1402 2122 ex
1427 2069 1620 2122 intima
1645 2070 1702 2123 vi
1741 2088 1805 2122 ac
1829 2076 2023 2123 natura
2047 2070 2330 2140 primatuS,

251 2180 324 2216 ex
359 2161 569 2216 iuribus
609 2162 932 2235 dotibusque
973 2182 1097 2217 cum
1135 2164 1374 2235 primatu
1411 2164 1530 2235 ipso
1572 2165 1873 2218 coniunctis
1886 2205 1899 2234 ,
1955 2183 2025 2217 ex
2065 2162 2334 2217 constanti

170 2258 202 2329 ‘b
252 2256 516 2311 ecclesiae
555 2257 847 2329 disciplina
885 2277 918 2310 a
954 2257 1143 2328 primis
1182 2276 1357 2330 usque
1399 2257 1632 2312 saeculis
1672 2258 1934 2328 deducta,
1991 2277 2063 2311 ex
2101 2258 2333 2312 auctori·

251 2358 361 2425 tate
425 2351 924 2406 ecclesiasticarum
987 2359 1151 2424 atque
1214 2352 1581 2423 imperialium
1640 2352 1824 2423 legum
1848 2393 1862 2422 ,
1928 2372 2000 2406 ex
2062 2352 2336 2406 communi

252 2445 487 2519 denique
527 2449 946 2517 canonistarum,
999 2466 1064 2501 ac
1102 2447 1220 2501 iure
1260 2447 1648 2517 consultorum,
1708 2448 2029 2519 praesertim
2067 2448 2335 2519 germani-

253 2559 438 2596 corum
477 2544 797 2613 sententia„
876 2541 1090 2610 Quibus
1129 2542 1275 2596 illico
1315 2562 1414 2615 per
1450 2550 1632 2616 partes
1672 2543 2055 2597 demonstratis
2080 2542 2125 2615 ⁰)
2167 2541 2334 2596 subii-

255 2749 440 2804 Reding.
471 2750 519 2791 in
548 2762 619 2804 op.
652 2748 704 2790 de
737 2761 967 2792 oecumen.
999 2761 1108 2793 rom.
1142 2747 1311 2790 cathed.
1345 2748 1548 2791 authorit.
1581 2763 1623 2795 a.
1654 2750 1733 2795 IV.
1752 2750 1864 2805 disq.
1898 2749 2020 2796 5.'n.
2054 2749 2124 2795 16.
2156 2765 2201 2805 P.
2237 2748 2336 2794 757.

254 2821 302 2862 in
331 2835 488 2876 corpus
519 2834 659 2873 omne,
690 2825 915 2876 neputes,
945 2820 1182 2862 Alcuinum
1214 2822 1416 2876 sensisse,
1449 2836 1476 2864 a
1506 2836 1675 2864 summo
1695 2823 1907 2865 Pontifice
1928 2825 1974 2864 in
1997 2824 2106 2866 alias
2129 2825 2338 2866 ecclesias

254 2906 449 2936 seorsum
479 2898 696 2948 acceptas,
726 2907 815 2935 non
845 2897 991 2934 autem
1022 2893 1069 2934 in
1101 2906 1257 2948 corpus
1288 2895 1433 2948 ipsum
1463 2895 1675 2937 ecclesiae
1705 2897 1967 2938 universalis
1987 2896 2091 2938 fidei
2110 2897 2340 2939 veritatem

255 2967 428 3021 aliaque
459 2967 607 3008 divina
652 2966 767 3007 dona
815 2979 1033 3019 manare„
1082 2965 1211 3006 Unde
1259 2971 1441 3020 constat,
1487 2968 1543 3009 ab
1588 2969 1829 3010 universali
1873 2970 1990 3020 orbis
2036 2970 2339 3011 communione

248 3043 477 3093 >separatos
523 3053 631 3092 esse,
679 3040 792 3080 sicut
836 3039 964 3080 docet
1007 3038 1050 3082 b.
1095 3038 1319 3093 Pelagius,
1373 3041 1450 3094 qui
1495 3042 1690 3095 qualibet
1735 3041 2005 3084 dissensione
2054 3042 2170 3084 inter
2215 3055 2341 3084 sacra

256 3113 463 3166 mysteria
490 3112 737 3166 Apostolici
765 3111 992 3153 Pontificis
1023 3113 1278 3153 memoriam
1308 3126 1397 3154 non
1427 3113 1748 3168 frequentant„
1794 3115 1890 3166 Quo
1920 3114 2128 3157 videlicet
2170 3118 2340 3170 spectat

256 3184 606 3224 commemoratio
635 3184 682 3224 in
712 3183 940 3238 dyptichis,
972 3184 1037 3225 uti
1068 3185 1301 3227 orlentales
1332 3185 1477 3227 dicere
1509 3200 1792 3233 consuevere.

438 3254 466 3311 ¹)
499 3255 758 3311 Speciminis
788 3270 893 3311 ergo
925 3257 979 3298 cf.
1008 3257 1195 3299 Honorii
1225 3258 1310 3303 ΙΙΙ.
1359 3259 1584 3303 decretum
1615 3260 1669 3302 de
1698 3260 1881 3302 materia
1926 3259 2216 3303 eucharistiae
2260 3274 2341 3316 pro

259 3325 411 3369 Suecis
441 3341 512 3382 ap.
542 3328 758 3382 Denzing.
789 3328 819 3374 1.
851 3342 887 3370 c.
917 3342 962 3373 n.
996 3326 1098 3373 374.

433 3397 469 3454 ἵ)
502 3398 569 3440 cf.
604 3398 841 3447 Clementis
871 3400 925 3442 V.
958 3400 1232 3444 definitiones
1264 3403 1422 3457 quibus
1453 3407 1595 3446 sectas
1624 3404 1955 3460 Beguardorum
1980 3408 2023 3450 et
2041 3406 2342 3462 Beguinarum

259 3471 483 3513 damnavit
512 3485 584 3526 ap.
614 3472 832 3527 Denzing.
863 3472 893 3514 l.
926 3486 964 3517 c.
995 3487 1072 3518 nn.
1103 3474 1204 3519 399.
1237 3489 1333 3530 sqq.

437 3543 475 3598 ³)
505 3545 623 3586 Hinc
653 3558 680 3586 a
708 3545 788 3587 Pio
819 3545 897 3589 VI.
930 3545 1160 3590 damnatae
1190 3562 1346 3603 propp.
1379 3547 1420 3591 6.
1452 3563 1550 3604 sqq.
1581 3551 1910 3604 pistoriensium
1943 3553 2062 3594 circa
2099 3553 2198 3594 iura
2227 3553 2340 3607 epis·

262 3618 382 3671 copis
412 3621 585 3672 praeter
613 3617 679 3659 fas
709 3619 875 3660 tributa
904 3632 974 3673 ap.
1006 3620 1224 3675 Denzing.
1255 3622 1287 3665 1.
1321 3635 1358 3665 c.
1377 3636 1452 3666 nn.
1470 3621 1570 3667 369.
1590 3636 1685 3678 sqq.
1707 3627 1801 3665 tum
1824 3638 1978 3679 propp.
1994 3623 2064 3668 47.
2084 3623 2153 3669 77.
2184 3626 2341 3680 quibus

258 3690 331 3730 isti
359 3690 619 3744 praestituta
647 3691 862 3745 principia
884 3691 938 3733 de
959 3692 1266 3748 episcoporum
1289 3698 1505 3748 potestate
1527 3696 1703 3737 casibus
1726 3697 2064 3750 particularibus
2086 3701 2255 3752 aptant.

438 3762 470 3817 ⁴)
503 3763 614 3805 Vide
646 3776 742 3817 sup.
774 3763 923 3806 allata.

437 3832 471 3886 ⁵)
505 3833 583 3878 SS.
616 3835 671 3879 D.
703 3835 759 3879 N.
790 3836 860 3877 Pii
889 3836 1038 3892 Papae
1069 3838 1148 3881 VI.
1179 3852 1378 3894 respons.
1412 3854 1447 3882 c.
1482 3841 1607 3884 VIII.
1640 3854 1727 3885 sec.
1759 3842 1817 3887 11.
1850 3856 1894 3897 p.
1927 3841 2025 3888 187.

440 3907 472 3964 ⁶)
504 3909 614 3951 Ibid.
646 3923 718 3954 nn.
750 3907 820 3953 32.
852 3923 950 3965 sqq.
982 3924 1054 3966 pp.
1088 3910 1187 3956 195.
1220 3925 1316 3967 sqq.
1348 3913 1430 3955 His
1463 3914 1520 3958 cf.
1550 3928 1656 3969 prae
1688 3918 1843 3958 ceteris
1874 3916 2011 3963 Leon.
2041 3916 2104 3962 M.
2136 3916 2192 3960 ad
2225 3917 2342 3960 Mar·

264 3980 374 4026 cian.
405 3994 474 4037 ep.
508 3981 623 4027 CXI.
655 3995 726 4038 ap.
756 3983 894 4038 Mign.
926 3982 1003 4029 lat.
1035 3983 1123 4027 ΡΡ.
1155 3988 1185 4027 t.
1217 3983 1287 4029 54.
1318 3999 1392 4041 pp.
1425 3983 1553 4032 1020.
1587 4000 1685 4045 sqq.

1989 4073 2084 4120 51*
