2716 4446
1381 114 1455 198 -*
1502 155 1612 218 418
1659 187 1732 198 -

516 302 627 356 illis
653 301 943 372 repetitur3
984 319 1169 354 curam
1194 300 1251 353 in
1277 300 1579 355 adserendo
1618 308 1734 355 tum
1758 302 1874 356 iure
1900 305 2257 374 matrimonii,
2275 323 2308 358 a
2333 324 2439 377 quo
2464 325 2593 378 pen-

519 397 648 449 dent
683 394 899 447 honesti
937 394 1082 447 vitae
1110 393 1151 466 ¹)
1190 412 1384 463 moreS,
1425 401 1539 447 tum
1578 402 1864 467 parentum
1911 396 2119 466 officio,
2176 418 2210 451 a
2247 416 2353 471 quo
2391 401 2597 471 pendet
2660 464 2661 469 ¹

519 490 814 543 christiana
851 487 1087 542 filiorum
1127 489 1394 542 institutio
1436 496 1488 542 et
1528 489 1806 544 educatio:
1847 509 2031 545 curam
2057 492 2276 545 tandem
2318 494 2375 546 in
2417 494 2593 548 vindi-

518 584 706 637 candis
743 583 946 636 mutuis
985 583 1181 636 officiis
1221 590 1275 636 et
1328 583 1539 637 iuribus
1578 583 1918 638 dominorum
1942 585 1987 658 Ω)
2039 603 2104 639 ac
2155 587 2507 642 servientium
2529 587 2593 662 ³),

518 678 715 750 quibus
755 679 1098 732 conservatio
1138 679 1283 732 vitae
1322 678 1649 750 tranquillae
1675 680 1732 732 in
1761 679 2068 733 christianis
2095 681 2299 752 pendet
2322 682 2558 739 familiis.
2626 752 2629 753 γ

155 784 380 860 agzia'iffiffl
392 782 500 858 3522
537 823 542 828 .
689 772 814 828 443.
852 772 990 826 Rem
1031 772 1334 827 decretales
1373 773 1687 845 pontificum
1717 773 2019 828 luculenter
2042 775 2391 846 patefaciunt,
2431 776 2597 831 allata
2641 846 2646 848 ξ

296 872 371 906 '‘al-
518 867 768 938 superius
805 865 929 937 plus
969 866 1138 920 semel
1176 874 1496 937 argumenta
1534 867 1902 938 comprobant,
1944 876 1998 922 et
2023 869 2304 923 confirmat
2340 872 2596 943 antiquus

517 970 572 1016 et
609 961 900 1014 continuus
940 961 1370 1032 adpellationum
1428 980 1576 1017 usus,
1637 959 1780 1015 Sane
1832 952 2164 1034 adpellatum
2215 964 2284 1018 ab
2324 966 2595 1037 episcopis

518 1074 763 1110 seorsum
802 1055 1029 1126 singulis
1069 1063 1124 1109 et
1162 1058 1326 1109 etiam
1364 1056 1697 1110 coniunctim
1723 1055 1927 1126 multiS,
1955 1056 2290 1129 adpellatum
2327 1078 2360 1112 a
2385 1059 2596 1114 clericis

518 1159 572 1205 et
609 1151 906 1220 monachiS,
947 1171 980 1205 a
1016 1151 1360 1224 principibus
1399 1170 1572 1224 aeque
1630 1171 1695 1205 ac
1733 1151 1950 1224 populis
1989 1152 2315 1221 christianiS‚
2355 1153 2596 1225 adpella-

516 1256 633 1302 tum
670 1266 703 1300 a
740 1247 874 1302 viris
913 1254 966 1301 et
1003 1246 1286 1315 uxoribUS,
1327 1246 1662 1318 adpellatum
1712 1248 1770 1301 in
1809 1264 1974 1300 causa
2013 1247 2293 1301 servitutis
2332 1267 2397 1301 ac
2433 1247 2606 1302 liber-³*

516 1343 660 1411 tatis,
701 1342 802 1396 sed
840 1340 1174 1414 appellatum
1214 1342 1375 1394 etiam
1414 1343 1471 1394 in
1499 1360 1665 1395 causa
1691 1341 2019 1395 christianae
2045 1342 2397 1396 institutionis
2433 1339 2596 1415 atque

519 1435 844 1490 scholarum.
887 1435 997 1489 Sed
1036 1435 1082 1488 si
1118 1435 1262 1506 iugis
1301 1435 1394 1489 ille
1434 1443 1549 1490 erat
1588 1444 1643 1490 et
1681 1445 1778 1504 est,
1819 1436 2008 1490 itidem
2035 1420 2389 1492 necessarius
2418 1438 2476 1491 in
2514 1422 2599 1491 ec-

519 1530 841 1585 clesiasticis
898 1549 1082 1584 rerum
1134 1549 1531 1602 causarumque
1589 1530 1885 1599 ordinibUS,
1927 1550 2063 1603 quos
2101 1533 2490 1602 recensuimus,
2529 1531 2600 1586 ad
2642 1554 2650 1563 Χ

517 1645 802 1681 romanum
856 1625 1172 1698 pontificem
1230 1625 1661 1698 adpellationum
1718 1645 1972 1681 recursus
1996 1627 2040 1694 ⁴)
2098 1627 2340 1700 adparet,
2396 1634 2456 1681 ut
2491 1627 2599 1683 fine

518 1882 562 1920 et
590 1877 700 1919 illud
731 1880 914 1928 constat,
958 1889 1044 1930 quo
1085 1888 1218 1916 sensu
1256 1875 1437 1928 phrases
1478 1876 1752 1928 accipiantur
1793 1875 2035 1928 „dedimus,
2077 1877 2413 1931 concessimus„
2474 1877 2599 1929 Quae

519 1952 726 2005 expressa
755 1950 931 1991 omnino
963 1948 1124 1989 dixeris
1155 1948 1211 1989 ad
1241 1946 1350 1988 haec
1381 1947 1493 1989 Sixti
1522 1948 1600 2002 IV.
1651 1961 1704 1988 ex
1743 1947 1864 1989 bulla
1903 1961 1983 2002 pro
2022 1948 2224 1990 libertate
2263 1951 2519 1992 clericorum
2558 1955 2603 1994 et

221 2017 345 2050 Sixtus
371 2015 438 2052 1¹⁷⁴
519 2037 665 2066 rerum
696 2035 919 2064 sacrarum
949 2035 1021 2075 ap.
1056 2020 1193 2064 Hard.
1225 2024 1257 2064 t.
1289 2021 1369 2065 IX.
1401 2035 1473 2075 pp.
1508 2019 1635 2064 1496.
1669 2034 1735 2075 sq.
1767 2021 1870 2063 data
1914 2035 1984 2064 an.
2033 2020 2162 2066 1476.
2211 2023 2399 2076 „Officii,
2444 2023 2599 2078 inquit,
2641 2007 2644 2015 ’

519 2096 750 2152 pastoralis
782 2108 886 2136 cura
915 2094 1108 2146 iubente,
1138 2096 1183 2134 et
1213 2106 1436 2134 sacrorum
1467 2106 1686 2134 canonum
1717 2094 1974 2135 auctoritate
2003 2095 2197 2149 praevia,
2227 2096 2342 2136 sicut
2359 2096 2406 2138 in
2427 2095 2601 2138 iudiciis

520 2169 810 2210 saecularium
864 2180 1150 2221 personarum
1190 2165 1364 2207 illarum
1404 2166 1502 2207 iura
1542 2170 1585 2207 et
1639 2166 1872 2220 privilegia
1911 2181 1991 2221 per
2030 2168 2351 2210 ecclesiasticas
2390 2181 2601 2223 personas

519 2243 688 2284 turbari
718 2241 952 2292 nolumus3
982 2241 1045 2280 ita
1076 2240 1138 2279 eis
1169 2238 1572 2292 praeiudicantibus
1602 2238 1784 2279 iuribus‘
1802 2239 2124 2293 ecclesiasticis,
2169 2254 2281 2295 quae
2311 2241 2476 2283 violare
2507 2242 2632 2283 sine'

519 2315 820 2370 indignatione
863 2313 1001 2354 divini
1040 2312 1192 2353 iudicii
1231 2312 1364 2352 liceat
1405 2311 1598 2363 nemini,
1640 2311 1788 2353 debita
1833 2311 2103 2354 correctione
2147 2314 2350 2357 resistere
2391 2315 2599 2368 cogimur,

520 2389 586 2430 uti
616 2388 863 2429 saeculares
893 2387 990 2440 ipsa
1020 2399 1100 2427 sua
1130 2388 1245 2426 sorte
1278 2386 1471 2426 contenti
1501 2398 1580 2439 pro
1610 2385 1695 2426 Dei
1725 2385 1889 2426 honore
1922 2389 1965 2427 et
2010 2372 2436 2440 apostolicaesedis
2476 2373 2600 2429 rere-

519 2462 660 2503 rentia
691 2461 868 2502 alterius
898 2461 1125 2514 negotium
1154 2458 1524 2512 praeiudicialiter
1554 2462 1813 2512 attemptare
1853 2471 1943 2500 non
1987 2463 2282 2514 praesumant,
2327 2459 2443 2514 quod
2481 2464 2600 2515 post·
2671 2474 2679 2486 “
2713 2441 2716 2454 ¹

522 2534 699 2575 modum
729 2534 774 2574 in
804 2538 985 2574 aeterna
1015 2532 1295 2573 damnatione
1327 2544 1401 2572 eos
1437 2533 1583 2574 acrius
1613 2532 1735 2572 luere
1769 2532 2029 2584 conveniat„
2063 2536 2108 2572 et
2140 2545 2182 2586 q.
2217 2545 2252 2576 S.

707 2605 733 2660 ¹)
768 2606 839 2649 Cf.
870 2606 1044 2647 Nicolai
1074 2606 1110 2649 Ι.
1141 2618 1353 2659 responsa
1382 2605 1438 2645 ad
1470 2605 1669 2651 consulta
1698 2605 1929 2658 Bulgaror.
1961 2618 2031 2659 ap.
2063 2605 2279 2661 Denzing.
2309 2606 2339 2648 l.
2372 2619 2409 2647 c.
2433 2618 2478 2650 n.
2499 2595 2600 2655 263.
2658 2592 2661 2595 ³

699 2678 732 2730 ²)
766 2678 833 2722 Cf.
863 2678 1056 2719 Wikleff.
1089 2691 1211 2732 prop.
1244 2677 1314 2722 17.
1348 2678 1537 2719 damnat.
1570 2691 1596 2719 a
1626 2672 1800 2719 Martin.
1833 2679 1890 2722 V‘.

698 2749 732 2805 ³)
764 2745 864 2792 Huc
894 2751 1045 2791 referri
1069 2754 1298 2801 merentur,
1332 2764 1443 2804 quae
1465 2750 1683 2804 pontificis
1712 2765 1790 2805 pro
1813 2751 2084 2793 sublevanda
2105 2764 2331 2792 servorum
2352 2751 2600 2792 conditione
2673 2742 2677 2743 ⁷

177 2827 365 2878 Servitutigs
382 2827 491 2859 mode-
524 2828 728 2878 egerunt:
762 2824 818 2867 cf.
853 2823 1065 2866 Alexand.
1083 2824 1161 2868 VI.
1194 2824 1250 2864 ad
1281 2824 1546 2867 Ferdinand.
1578 2837 1669 2878 reg.
1702 2828 1746 2865 et
1767 2825 2007 2868 Elisabeth.
2028 2825 2168 2878 regin.
2192 2837 2262 2867 an.
2287 2821 2597 2868 1493sbullara

283 2873 388 2907 mm*
522 2911 629 2939 rom.
660 2901 691 2940 t.
722 2897 758 2940 Ι.
791 2911 835 2951 p.
864 2895 968 2940 454.
1002 2896 1098 2940 coll,
1133 2897 1271 2939 Leon.
1303 2896 1359 2940 X.
1391 2896 1447 2937 ad
1477 2896 1740 2939 Ferdinand.
1772 2896 1896 2937 Paul.
1928 2897 2009 2938 III.
2055 2896 2137 2939 litt.
2181 2896 2422 2947 „Pastorah
2455 2896 2596 2948 offic„

522 2983 593 3023 ap.
625 2969 932 3023 Torquemada
964 2969 1219 3021 „Monam-ch.
1250 2969 1445 3020 indiam„
1478 2968 1509 3011 l.
1557 2968 1655 3011 XV.
1689 2981 1727 3011 c.
1760 2966 1803 3012 4.
1851 2967 1905 3008 de
1951 2967 2108 3021 quibus
2153 2967 2253 3008 vide
2298 2968 2358 3008 sis
2400 2969 2596 3014 civilitat.

524 3042 723 3086 catholic.
754 3055 836 3083 ser.
867 3043 944 3085 VI.
975 3042 1063 3086 vol.
1095 3043 1155 3085 II.
1187 3042 1336 3083 fascic.
1367 3039 1467 3083 364.
1501 3039 1627 3084 1865.
1660 3044 1704 3082 et
1734 3053 1831 3094 sqq.
1865 3038 1991 3084 1866.
2022 3039 2068 3084 J.
2099 3036 2308 3094 Margraf.
2343 3026 2525 3093 „Kircln
2552 3044 2651 3086 u.,'

525 3113 791 3166 Sclaverei.„
825 3115 1016 3167 Tiibing.
1050 3112 1177 3156 1865.

163 3187 279 3220 (lama
306 3188 508 3228 frequentis
704 3187 735 3241 ⁴)
767 3187 890 3227 Haec
919 3199 1048 3240 porro
1079 3187 1421 3239 adpellationum
1451 3177 1688 3227 necessitas
1720 3199 1771 3227 eo
1822 3186 1959 3227 maior
1989 3199 2042 3227 ac
2074 3187 2347 3240 frequentior
2386 3184 2528 3228 evasit
2555 3190 2602 3243 et
2656 3189 2688 3234 f

202 3232 464 3272 adpellatzonw.
525 3262 603 3307 est,
637 3272 723 3311 quo
755 3261 940 3299 rariores
971 3259 1201 3312 apostolici
1233 3259 1326 3299 sive
1356 3258 1523 3309 vicarii,
1554 3258 1646 3298 sive
1677 3259 1839 3308 nuncii,
1883 3259 1976 3299 sive
2013 3259 2159 3312 legati,
2201 3271 2373 3312 quoque
2412 3259 2600 3300 minores
2633 3253 2648 3261 ”

525 3330 710 3371 collatae
740 3331 897 3371 iisdem
926 3330 1172 3372 facultates.
1208 3330 1262 3370 Ut
1286 3329 1400 3370 enim
1425 3329 1793 3382 conquerentibus
1817 3330 1870 3370 de
1891 3330 2233 3383 adpellationum
2255 3330 2422 3371 mediae
2444 3332 2600 3381 aetatis

255 3404 344 3437 Pius
361 3405 421 3438 VI·
523 3415 605 3443 usu
638 3403 899 3444 Germaniae
930 3402 1216 3456 metropolitis
1255 3402 1285 3445 l.
1319 3415 1358 3445 c.
1390 3414 1476 3445 sec.
1507 3402 1585 3444 IV.
1618 3416 1688 3455 pp.
1721 3399 1823 3445 242.
1857 3415 1953 3457 sqq.
1985 3393 2059 3444 nn.
2096 3400 2192 3444 107.
2235 3415 2331 3455 sqq.
2374 3402 2480 3442 Pius
2510 3402 2599 3446 VI.

523 3473 719 3527 pluribus
751 3473 1006 3527 respondet:
1040 3473 1075 3515 Ι.
1110 3472 1188 3525 „Si
1216 3473 1452 3514 vicariatus
1486 3473 1530 3527 (a
1560 3473 1637 3515 IX.
1660 3473 1716 3514 ad
1737 3473 1832 3514 XV.
1865 3473 2106 3525 saeculum)
2136 3474 2320 3514 rariores
2351 3478 2602 3526 evaserunt,

524 3551 760 3600 coeperunt
789 3547 923 3588 latius
953 3547 1188 3600 propagari
1216 3546 1459 3600 primatiae,
1491 3546 1593 3586 illae
1613 3546 1780 3586 scilicet
1801 3545 2056 3599 legationes,
2091 3559 2202 3599 quae
2234 3547 2391 3586 iterum
2421 3545 2598 3588 iterum-

525 3635 610 3675 que
641 3622 697 3663 ad
726 3622 1087 3675 Metropolitanos
1119 3625 1261 3661 certae
1293 3619 1519 3660 cuiusdam
1551 3619 1666 3660 sedis
1698 3618 1881 3667 delatae,
1907 3618 2086 3678 perinde
2107 3618 2259 3659 haberi
2282 3621 2460 3672 coeptae
2481 3621 2596 3668 sunt,

208 3707 352 3749 Legatio
366 3710 465 3744 nata.
524 3707 576 3735 ac·
607 3695 644 3735 si
673 3695 779 3748 ipsis
811 3694 1113 3748 episcoporum
1144 3692 1320 3733 sedibus
1352 3691 1536 3732 collatae
1568 3694 1611 3731 et
1640 3689 1798 3731 affixae
1819 3690 2021 3741 fuissent,
2052 3689 2115 3730 ita
2133 3693 2183 3729 ut
2202 3689 2444 3743 legationes
2467 3693 2596 3731 natae

525 3768 825 3808 dictitarentur
856 3798 865 3807 .
886 3796 913 3812 ,.
943 3798 955 3810 .
987 3770 1032 3808 et
1062 3767 1123 3807 ita
1152 3766 1207 3807 ab
1238 3765 1418 3806 arbitrio
1449 3777 1483 3805 s.
1518 3763 1633 3804 sedis
1663 3763 1925 3817 pendebant,
1957 3766 2006 3803 ut
2035 3762 2091 3804 ab
2105 3774 2200 3816 runa
2215 3761 2271 3802 ad
2292 3762 2423 3802 aliam
2445 3760 2594 3802 sedem

524 3839 874 3890 transferrentur,
905 3841 970 3880 uti
999 3839 1174 3892 saepius
1204 3838 1448 3879 factitatum
1491 3841 1580 3887 est3
1624 3849 1678 3877 ac
1719 3835 1906 3882 demum.
1940 3834 2094 3876 cedere
2122 3833 2392 3875 -tenebantur
2436 3831 2591 3885 legatis

524 3910 578 3952 de
608 3910 743 3952 latere
774 3911 917 3952 missis
963 3911 1056 3951 sive
1101 3910 1332 3951 ordinariis
1377 3909 1470 3950 sive
1515 3907 1883 3950 extraordinariis.
1890 3938 1913 3960 „
1961 3906 2116 3948 Allatis
2157 3917 2287 3959 porro
2317 3903 2589 3955 testimoniis,

524 3982 681 4038 quibus
711 3983 964 4038 ostenditur,
993 3982 1224 4039 legationis
1267 3981 1397 4025 huius
1440 3981 1604 4024 honore
1649 3980 1872 4023 distinctas
1917 3979 2166 4034 frequenter
2211 3974 2419 4019 ecclesias
2450 3974 2587 4017 fuisse
