2626 4432
1217 110 1537 167 ,4.-

356 280 490 335 bolis
521 276 540 320 1,
578 277 837 332 credimus
873 274 927 326 in
964 271 1278 326 catholicam
1316 268 1406 321 vel
1442 268 1495 320 in
1526 284 1681 320 unam
1719 273 2066 335 sanctamque
2093 269 2412 324 catholicam

353 371 666 426 ecclesiam.-

523 554 586 607 11.
624 551 855 604 Ecclesia
891 548 1143 604 catholica
1178 553 1305 616 ipsa·
1334 550 1411 599 est
1446 546 1664 600 ecclesia
1702 561 1954 600 romanae
1983 549 2213 600 unitatis.

491 688 539 741 3.
570 684 737 753 Atqui
775 685 1002 738 ecclesia
1041 682 1332 748 catholica,
1373 671 1512 748 quae
1550 685 1634 732 est
1671 697 1804 748 una,
1852 686 2064 745 sancta,
2113 682 2413 751 apostolica

348 780 531 835 eadem
570 785 650 832 est
688 793 823 844 quae
856 777 1086 829 ecclesia
1122 790 1366 841 romana,
1414 780 1470 826 et
1506 773 1643 827 sicut
1679 772 1817 826 fides
1847 789 2071 828 romana
2109 793 2141 828 a
2175 774 2284 828 fide
2321 791 2411 828 ca-

347 873 539 926 tholica
578 870 784 923 nomine
823 875 975 922 tenus
1013 869 1286 922 dumtaxat
1312 866 1455 936 apud
1488 867 1735 935 antiquos
1773 866 1978 936 differt3>
2014 869 2090 921 ita
2116 868 2412 937 appellatio

345 964 631 1019 cathedrae
669 963 1036 1029 ecclesiaeque
1073 968 1325 1015 romanae
1362 961 1505 1030 apud
1539 960 1755 1014 eosdem
1796 955 2104 1029 συνώνυμος
2152 967 2235 1014 est
2291 977 2411 1015 cum

346 1060 705 1130 appellatione
745 1058 1038 1112 catholicae
1069 1054 1343 1109 ecclesiae.

90 1229 329 1274 cyprianus.
488 1209 536 1263 4.
571 1208 821 1262 Profecto
860 1213 1046 1260 sancto
1070 1206 1343 1275 Cypriano
1374 1204 1514 1257 idem
1553 1211 1662 1272 est,
1701 1221 1819 1258 cum
1859 1203 2111 1257 Cornelio
2140 1201 2162 1235 ²
2199 1210 2255 1257 et
2292 1220 2412 1258 cum

345 1302 607 1357 catholica
644 1301 872 1355 ecclesia
910 1299 1321 1365 communicare,
1368 1297 1614 1366 idemque
1652 1290 1728 1350 illi
1783 1303 1867 1350 est
1894 1294 1931 1365 ³,
1984 1297 2408 1351 communionem

344 1411 460 1455 cum
499 1393 730 1446 romanis
774 1407 1097 1459 romanaque
1146 1390 1405 1445 cathedra
1443 1392 1668 1457 habere,
1723 1396 1884 1458 atque
1934 1389 2162 1443 alienum
2214 1405 2340 1443 esse
2378 1406 2411 1443 a

74 1507 328 1544 Ambrosius.
345 1487 688 1541 schismaticis
727 1501 792 1538 ac
829 1486 1080 1553 profanis
1156 1482 1321 1553 Apud
1355 1482 1699 1537 Ambrosium
1729 1480 1752 1514 ⁴
1790 1483 2081 1536 convenire
2111 1499 2230 1536 cum
2265 1483 2412 1553 epis-

344 1581 492 1649 copis
530 1579 803 1633 catholicis
852 1578 989 1631 idem
1043 1578 1187 1631 valet
1239 1594 1304 1632 ac
1354 1579 1644 1632 convenire
1681 1594 1801 1632 cum
1857 1577 1990 1630 sede
2028 1591 2266 1630 romana.
2339 1576 2411 1630 Et

51 1687 321 1734 Augustinus.
343 1672 484 1741 apud
523 1672 874 1739 Augustinum
910 1668 931 1701 ⁵
977 1671 1095 1740 ipse
1132 1671 1382 1739 Pelagius
1419 1670 1581 1725 fidem
1615 1670 1892 1725 Ambrosii
1926 1670 2176 1733 laudans,
2228 1685 2410 1724 roma-

342 1781 463 1818 nam
502 1781 616 1817 eam
654 1764 971 1833 appellavit,
1008 1770 1067 1818 ut
1103 1764 1419 1828 catholicam
1457 1765 1684 1819 eandem
1723 1780 1845 1818 esse
1873 1764 2220 1834 significaret.
2274 1763 2408 1818 Cum

73 1857 624 1952 Fglaengggfulgentio
654 1855 675 1889 ⁶
728 1859 947 1927 exponit
992 1875 1137 1928 papa
1173 1858 1455 1912 Hormisda
1487 1857 1509 1890 ⁷
1544 1874 1798 1912 romanae
1837 1859 1983 1920 sedis
2021 1858 2406 1928 „apostolicam

134 1924 219 1953 Μ
316 1941 373 2005 'i.
411 1968 455 2005 ε.
493 1951 807 2005 catholicam
838 1952 1201 2021 sententiam„
1277 1951 1348 2004 Et
1384 1968 1592 2006 rursum
1618 1950 1671 2004 ⁸:
1714 1952 1847 2021 „Qui
1884 1953 2079 2022 inquit,
2119 1969 2237 2007 cum
2275 1952 2406 2006 sede

341 2044 655 2115 apostolica,
709 2045 813 2099 hoc
856 2051 937 2099 est
987 2032 1216 2100 ecclesia
1264 2047 1529 2101 catholica
1577 2062 1681 2100 non
1731 2047 2169 2116 communicant.„
2247 2044 2404 2101 Unde

456 2309 473 2338 1
502 2309 587 2365 Ap.
617 2308 835 2367 Denzing.
868 2309 1040 2353 enchir.
1072 2307 1227 2355 forma
1257 2310 1460 2369 symboli
1491 2311 1728 2370 gallicana
1770 2310 1879 2356 coll.
1921 2310 2175 2368 hispanica,
2218 2310 2406 2356 alexan-

337 2382 489 2437 drina,
520 2380 934 2439 hierosolymitana
964 2385 1012 2426 et
1045 2397 1088 2440 q.
1116 2396 1214 2440 sqq.
1382 2433 1387 2438 ⁴

454 2453 473 2481 ²
502 2453 581 2510 Ep.
610 2453 681 2496 48.
713 2452 773 2496 al.
805 2454 874 2498 45.
921 2454 1183 2500 Cornelium
1216 2456 1470 2514 adloquens
1512 2470 1670 2502 curam
1710 2471 1762 2502 se
1795 2456 2015 2502 habuisse
2058 2456 2192 2512 dicit,
2242 2458 2292 2500 ut
2325 2459 2401 2514 „te

337 2525 551 2583 collegae
580 2525 729 2570 nostri
762 2529 809 2570 et
853 2528 1215 2573 communionem
1262 2533 1387 2574 tuam
1432 2532 1459 2574 i.
1492 2544 1531 2575 e.
1578 2531 1841 2576 catholicae
1886 2530 2138 2586 ecclesiae,
2181 2529 2404 2574 unitatem

337 2597 514 2654 pariter
543 2609 599 2641 ac
629 2597 871 2643 caritatem
906 2600 1159 2656 probarent
1197 2600 1390 2648 firmiter
1428 2607 1476 2649 et
1505 2607 1761 2662 tenerent.„
1824 2604 1896 2649 Ad
1935 2603 2248 2649 Antonianum
2287 2615 2403 2647 vero

336 2670 543 2714 scribens
576 2683 647 2728 ep.
675 2671 746 2714 55.
777 2671 836 2715 al.
868 2673 937 2716 52.
968 2674 1083 2717 haec
1113 2675 1180 2718 uti
1203 2689 1463 2735 synonyma
1485 2678 1629 2723 habet
1646 2678 2011 2735 „communicare
2034 2690 2136 2722 cum
2162 2675 2400 2732 Cornelio,

338 2744 428 2787 hoc
457 2745 549 2797 est,
582 2755 681 2786 cum
710 2743 942 2789 catholica
971 2746 1169 2791 ecclesia
1199 2749 1577 2809 communicare„

455 2815 474 2844 ³
501 2815 581 2873 Ep.
611 2816 680 2859 48.
710 2815 770 2859 al.
801 2818 870 2860 45.
921 2817 1123 2874 „Scimus
1162 2834 1269 2876 nos,
1309 2821 1480 2880 inquit,
1522 2824 1739 2870 hortatos
1781 2838 1865 2871 eos
1903 2839 2031 2881 esse,
2080 2828 2132 2870 ut
2172 2825 2402 2871 ecclesiae

338 2887 597 2932 catholicae
627 2887 828 2932 radicem
859 2892 906 2933 et
935 2891 1170 2936 matricem
1201 2900 1513 2951 agnoscerent
1544 2910 1599 2941 ac
1631 2900 1885 2956 tenerent.„
1946 2899 2006 2944 Et
2035 2898 2203 2944 iterum
2233 2912 2306 2957 ep.
2329 2899 2400 2944 59.

338 2961 397 3004 al.
429 2962 498 3004 55.
541 2960 638 3017 „Ad
667 2961 794 3005 Petri
835 2963 1120 3020 cathedram,
1163 2969 1300 3022 atque
1339 2968 1399 3012 ad
1439 2969 1683 3015 ecclesiam
1715 2970 2044 3029 principalem,
2086 2972 2206 3016 unde
2246 2972 2400 3017 unitas

337 3032 643 3078 sacerdotalis
673 3037 836 3079 exorta
865 3038 958 3091 est,
1004 3049 1032 3079 a
1070 3038 1375 3084 schismaticis
1421 3044 1468 3084 et
1511 3040 1724 3099 profanis
1770 3043 1957 3089 litteras
1999 3042 2130 3089 ferre
2161 3043 2402 3101 (audent),

336 3118 423 3150 nec
455 3105 664 3164 cogitare
694 3119 777 3151 eos
808 3121 911 3152 esse
941 3121 1182 3166 romanos,
1215 3125 1408 3169 quorum
1436 3112 1551 3159 fides
1580 3117 1815 3173 Apostolo
1846 3117 2148 3175 praedicante
2180 3117 2333 3172 (Rom.
2366 3116 2398 3160 1.

336 3178 402 3234 8.)
432 3177 623 3223 laudata
652 3182 745 3235 est,
776 3180 834 3223 ad
864 3194 980 3238 quos
1009 3181 1204 3239 perfidia
1233 3198 1326 3229 non
1356 3187 1507 3243 possit
1535 3187 1710 3232 habere
1740 3201 2021 3248 accessum„

456 3250 477 3280 4
507 3250 608 3295 Ser.
640 3251 697 3295 de
728 3251 840 3297 obit.
872 3253 1035 3311 Satyri
1063 3253 1172 3300 frat.
1204 3270 1245 3300 n.
1277 3258 1347 3300 47.
1410 3259 1535 3313 Quae
1575 3258 1859 3307 conferenda
1889 3266 1997 3308 sunt
2025 3261 2184 3307 verbis
2218 3261 2401 3306 Irenaei

336 3321 439 3364 adv.
470 3323 596 3367 haer.
627 3322 657 3365 l.
689 3324 760 3367 111.
792 3337 830 3368 c.
860 3326 901 3368 3.

452 3395 472 3424 ⁵
499 3397 565 3439 De
595 3396 750 3453 gratia
778 3396 946 3442 Christ.
978 3411 1013 3443 c.
1044 3400 1196 3444 XLIII.
1243 3401 1363 3446 Idem
1394 3416 1540 3460 porro
1570 3419 1654 3450 suo
1691 3407 1874 3452 nomine
1905 3421 2080 3466 suaque
2110 3410 2396 3456 auctoritate

334 3465 575 3513 confirmat
604 3469 885 3527 Augustinus
917 3483 954 3515 c.
987 3485 1058 3529 ep.
1088 3471 1212 3518 fund.
1243 3487 1280 3518 c.
1313 3476 1355 3519 4.

439 3540 471 3569 '⁶
499 3540 572 3585 Ad
599 3541 823 3586 Joannem
854 3548 902 3590 et
932 3544 1172 3591 Venerium
1212 3562 1284 3606 ep.
1324 3562 1458 3606 quam
1496 3551 1677 3596 nomine
1724 3566 1827 3612 epp.
1867 3552 2060 3600 Africae
2098 3556 2145 3599 in
2179 3555 2396 3600 Sardinia

334 3612 513 3656 exulum
542 3613 742 3671 scripsit.
2112 3629 2116 3633 ”

452 3686 470 3713 '¹
499 3685 570 3730 Ad
599 3686 720 3731 Avit.
750 3687 899 3732 vienn.
931 3703 1002 3748 ep.
1033 3693 1103 3737 10.
1133 3695 1240 3739 coll.
1279 3696 1337 3740 ad
1376 3700 1586 3745 Possess.
1627 3715 1699 3760 ep.
1730 3704 1802 3747 70.
1843 3715 1917 3760 ap.
1948 3701 2097 3746 Mansi
2125 3712 2254 3746 conc.
2285 3701 2395 3746 coll.

336 3759 368 3799 t.
397 3756 525 3812 vm„
552 3758 630 3802 ubi
658 3759 773 3804 illud
802 3761 970 3819 inquiri
999 3765 1099 3810 vult
1129 3766 1254 3812 circa
1284 3768 1542 3817 doctrinam
1583 3773 1638 3818 de
1670 3774 1827 3833 gratia
1867 3778 1915 3819 et
1945 3774 1975 3817 l.
2008 3773 2209 3819 arbitrio
2244 3773 2396 3832 „quod

335 3839 525 3872 romana
554 3831 643 3874 hoc
671 3836 743 3877 est
767 3834 996 3880 catholica
1025 3843 1245 3895 sequatur
1274 3846 1322 3886 et
1349 3849 1589 3890 asseveret
1619 3846 1859 3904 ecclesia„

455 3898 475 3928 ⁸
502 3899 574 3944 Ad
603 3900 775 3949 Ennod.
806 3908 854 3950 et
884 3906 1123 3967 Peregrin.
1153 3923 1226 3969 ep.
1259 3913 1326 3957 18.
