2716 4446
1359 135 1709 197 -474—

497 282 602 334 tiae
666 279 964 332 commodis
997 278 1034 349 ¹)
1093 278 1382 332 affluenter
1463 278 1846 352 cumulateque
1906 282 2302 353 prospicerent.
2380 284 2570 352 Quare
2630 285 2635 295 ’

496 392 778 446 quousque
804 372 966 425 Pauli
1004 372 1174 426 verba
1212 373 1266 427 in
1294 372 1538 426 fidelium
1577 375 1836 428 societate
1873 384 2132 429 resonant
2171 380 2226 431 et
2249 378 2566 449 audiuntur3
2596 409 2597 413 =

497 486 780 539 quousque
822 468 1053 520 societas
1091 467 1371 520 hominum
1410 486 1520 520 non
1558 469 1775 521 nomine
1814 476 2024 522 tantum
2063 478 2238 540 tenus,
2277 472 2373 527 sed
2410 474 2574 527 etiam

494 582 569 630 re,
611 562 905 614 christiana
934 573 1049 613 est:
1078 580 1317 633 eousque
1345 561 1767 632 respondentem
1794 581 1890 616 suo
1919 564 2087 634 capiti
2113 566 2416 620 exsistendi
2449 585 2573 621 con-

499 647 777 724 ditior‘iemj
816 675 880 708 ac
918 657 1105 709 nativa
1143 655 1221 708 illi
1278 656 1476 709 decora
1534 656 1926 727 inviolabiliter
1983 659 2343 713 conservabit.
2412 659 2574 717 Unde

498 770 728 822 pronum
768 759 866 819 est,
907 751 1146 822 idipsum
1184 751 1486 805 evincendo
1525 751 1789 822 perficere

1221 931 1290 976 16.
1321 932 1405 974 hoc
1434 937 1692 987 argumento
1722 933 1858 988 finali,

138 1089 484 1132 Necesaeitaefinazis.
500 1076 646 1149 quod
702 1075 860 1130 brevi
915 1075 1089 1129 forma
1127 1075 1396 1129 eiusmodi
1435 1077 1530 1130 sit:
1572 1076 1910 1132 conditiones
1968 1076 2269 1132 exsistendi
2330 1097 2579 1135 necessa·
2623 1130 2642 1145 ,

420 1235 423 1238 q
498 1173 612 1225 riae
676 1170 1060 1241 consequendo
1117 1170 1241 1232 fini,
1324 1169 1394 1223 ad
1471 1189 1632 1242 quem
1693 1170 1885 1224 Petrus
1951 1173 2175 1244 eiusque
2239 1168 2580 1229 successores

497 1267 650 1319 missi
707 1265 966 1319 divinitus
1025 1272 1165 1334 sunt,
1215 1265 1426 1337 expleri
1474 1265 1717 1336 profecto
1769 1285 1802 1318 a
1840 1266 2442 1338 credentibusdebent,
2480 1288 2582 1324 nec

499 1363 635 1414 citra
689 1361 1010 1432 inpietatem·
1054 1369 1282 1431 possunt
1330 1362 1586 1432 perverti.
1664 1360 1773 1414 Sed
1811 1362 2265 1433 quemadmodum
2303 1363 2466 1418 finem
2492 1363 2589 1425 illi*

498 1475 627 1509 suae
666 1457 939 1509 missionis
977 1455 1204 1509 historia
1240 1461 1378 1508 teste
1418 1456 1555 1508 citra
1582 1450 1855 1508 exsortem
1893 1455 2001 1509 Dei
2037 1456 2437 1527 providentiam
2474 1460 2585 1512 non
2637 1518 2644 1521 ,

499 1557 904 1621 consequuntur
925 1549 971 1622 ⁹)
1035 1557 1089 1602 et
1139 1549 1366 1610 docente
1412 1567 1594 1602 rerum
1641 1556 1835 1619 natura
1884 1551 2143 1622 consequi
2192 1554 2465 1606 communi
2502 1570 2591 1609 or·.

500 1646 626 1699 dine
679 1664 744 1698 ac
794 1647 886 1699 via
935 1652 1229 1716 nequeunt,
1293 1645 1402 1697 nisi
1438 1663 1719 1697 romanum
1759 1643 2023 1698 ecclesiae
2065 1654 2243 1717 caput,
2308 1647 2453 1719 quod
2514 1650 2584 1704 ab

498 1741 816 1794 habitudine
856 1740 926 1793 ad
964 1739 1237 1793 visibilem
1275 1739 1554 1793 hominum
1595 1741 1910 1794 societatem
1973 1740 2336 1814 socialemque
2400 1761 2586 1798 eorum

500 1837 668 1889 vitam
711 1843 764 1887 et
801 1836 980 1905 ipsum
1018 1833 1237 1887 visibile
1278 1842 1332 1887 et
1371 1834 1570 1887 sociale
1610 1843 1718 1903 est,
1761 1834 1950 1888 sociali
1987 1835 2228 1906 gaudeat
2265 1837 2588 1891 exsistentia
2622 1857 2637 1869 ·

502 1949 725 2001 prorsus
764 1931 1003 1982 inmuni:
1069 1931 1147 1982 ita
1210 1928 1447 1982 dominio
1514 1929 1752 1983 excellat
1812 1916 2214 2001 independente
2251 1949 2317 1984 ac
2378 1931 2588 1986 inmuni

502 2027 811 2097 principatu
848 2026 905 2077 in
944 2023 1210 2077 eiusmodi
1266 2025 1626 2094 possessionis
1689 2024 2002 2096 temporalis
2039 2026 2167 2094 vim,
2233 2044 2372 2097 quae
2421 2026 2585 2084 tantis

504 2121 615 2173 suis
654 2119 991 2172 excellentiis
1030 2137 1094 2172 ac
1132 2119 1528 2189 praerogativis
1569 2120 1638 2172 sit
1688 2119 1870 2189 digna,
1912 2127 1966 2173 et
2002 2126 2182 2173 tantae
2221 2137 2350 2173 suae
2387 2120 2593 2174 actioni*

502 2216 559 2269 in
597 2217 913 2268 universum
954 2214 1140 2268 orbem
1178 2214 1329 2284 large
1376 2222 1430 2267 et
1480 2213 1696 2266 abunde
1738 2213 2029 2275 sufficiens
2069 2213 2159 2281 Ex
2195 2213 2299 2267 hac
2336 2224 2466 2268 sane
2502 2233 2586 2282 ra·
2634 2261 2642 2267 .

504 2310 623 2363 dice
662 2317 823 2362 natae
863 2310 1150 2362 continuae
1210 2308 1563 2362 donationes*
1605 2326 1826 2360 romano
1891 2307 2066 2361 factae
2130 2309 2414 2380 episcop03
2458 2308 2587 2362 hinc
2646 2304 2653 2319 ’

505 2404 755 2458 obortum
793 2404 942 2456 Petri
979 2402 1277 2474 temporale
1316 2403 1728 2473 patrimonium:
1791 2402 2046 2455 nimirum
2100 2385 2296 2473 repleti
2353 2403 2410 2455 in
2447 2401 2586 2455 chri-

506 2499 678 2551 stiano
730 2497 859 2551 orbe
909 2496 1098 2551 fideles
1164 2497 1355 2568 populi
1415 2503 1525 2550 tam
1587 2497 1861 2567 principes
1916 2514 2078 2567 quam
2126 2495 2339 2549 subditi
2394 2496 2588 2568 spiritu
2656 2546 2661 2547 γ

506 2592 724 2654 Christi,
783 2592 1107 2645 christianae
1148 2593 1421 2645 societatis
1460 2591 1796 2644 conditiones
1845 2590 2133 2661 inplendas
2183 2580 2585 2659 intellexerunt,
2660 2588 2663 2590 ’

506 2687 860 2759 expletasque
882 2706 1040 2758 porro
1064 2689 1140 2739 sic
1160 2686 1282 2740 Deo
1309 2685 1604 2757 inpellente
1625 2685 1928 2753 voluerunt,
1951 2694 2011 2739 ut
2028 2684 2339 2756 pontificem
2366 2682 2588 2755 coelesti

505 2800 760 2836 romanae
815 2783 1037 2834 unitatis
1094 2781 1358 2852 regimine
1421 2781 1692 2850 insignem
1752 2780 1997 2833 terrestri
2055 2797 2270 2850 quoque
2331 2794 2586 2830 romanae

509 2878 730 2931 ditionis
768 2895 1227 2948 romanarumque
1265 2876 1668 2946 provinciarum
1705 2892 1874 2945 regno
1899 2873 1946 2945 ³)
1986 2872 2249 2927 dotarent.

684 3145 717 3200 ¹)
751 3146 926 3197 Quanta
969 3145 1083 3186 inde,
1101 3145 1219 3186 bona
1261 3144 1501 3198 religionis,
1547 3143 1771 3195 scientiae,
1794 3142 1919 3198 ¹artis
1949 3141 1997 3182 in
2043 3140 2359 3199 humanitatem
2401 3139 2588 3194 positive
2647 3166 2650 3167 ν

509 3220 728 3270 derivata3
762 3223 926 3272 quanta
955 3219 1162 3273 negative
1192 3218 1247 3258 ab
1280 3217 1433 3258 eadem
1463 3216 1736 3257 humanitate
1766 3214 1884 3255 mala
1915 3212 2106 3270 exclusa,
2145 3203 2397 3270 ingruentia
2425 3213 2482 3254 ab
2510 3203 2590 3254 ho·

510 3293 650 3345 stibus
679 3292 876 3345 pericula
906 3295 997 3331 tam
1037 3290 1210 3331 interna
1251 3302 1383 3342 quam
1414 3293 1594 3329 externa
1625 3287 1832 3341 depulsat
1862 3285 2044 3327 historia
2073 3285 2202 3327 docet
2229 3284 2417 3339 profana
2445 3289 2490 3326 et
2518 3298 2590 3326 ec·
2631 3271 2634 3274 ’

511 3366 758 3407 clesiastica
787 3365 1054 3418 generatim3
1088 3362 1165 3404 sed
1195 3362 1423 3416 speciatim
1444 3361 1604 3402 docent
1632 3372 1839 3401 romanae
1859 3354 2073 3400 ecclesiae
2095 3357 2291 3402 annales.
2322 3357 2424 3398 Huc
2451 3345 2590 3406 anim·

510 3438 715 3479 adversio
752 3438 859 3478 facit
899 3436 952 3476 de
993 3434 1325 3476 communicatis
1372 3447 1399 3474 a
1443 3433 1723 3487 pontificibus
1764 3431 2044 3472 scientiarum
2089 3429 2304 3471 thesauris
2347 3441 2419 3483 ap.
2448 3428 2502 3472 F.
2533 3427 2588 3470 A.

512 3510 860 3551 Staudenmaier.
891 3510 937 3548 in
969 3520 1048 3548 suo
1079 3507 1126 3553 J.
1160 3505 1292 3547 Scoto
1323 3506 1442 3559 Erig.
1478 3519 1572 3559 par.
1605 3504 1640 3548 Ι,
1671 3517 1744 3558 pp.
1777 3501 1850 3546 86.
1883 3515 1980 3556 sqq.
2012 3501 2099 3542 Sed
2130 3501 2184 3542 de
2213 3501 2281 3542 his
2310 3499 2443 3554 Paulo
2472 3503 2586 3554 post,

654 3580 721 3635 »53)
753 3581 852 3621 Hoc
882 3580 985 3621 inde
1017 3594 1044 3620 a
1071 3580 1190 3620 Petri
1220 3579 1490 3632 temporibus
1521 3590 1661 3632 usque
1692 3575 1821 3617 modo
1839 3574 2201 3629 persequutiones
2222 3577 2267 3614 et
2282 3571 2586 3627 oppressiones

511 3655 558 3695 in
587 3666 813 3695 romanam
843 3651 991 3692 sedem
1023 3651 1240 3699 exercitae
1271 3650 1582 3691 demonstrant.

690 3723 724 3780 ³)
755 3725 808 3765 In
837 3724 921 3764 hac
951 3724 1184 3764 donatione
1229 3726 1463 3764 occurrunt
1505 3722 1713 3762 adiuncta
1751 3720 1927 3774 gemina
1955 3731 2008 3759 ac
2036 3718 2084 3758 in
2113 3716 2211 3758 aliis
2242 3715 2405 3757 ordinis
2427 3727 2584 3768 super·
2623 3766 2627 3771 ι

515 3798 728 3839 naturalis
761 3797 853 3837 sive
885 3783 1030 3837 rerum
1061 3794 1154 3836 sive
1182 3807 1469 3848 personarum
1501 3784 1675 3834 casibus
1707 3796 1751 3833 et
1782 3791 1955 3832 actibus
1986 3792 2242 3831 occurrunt:
2275 3791 2342 3829 est
2370 3786 2486 3828 enim
2513 3785 2591 3826 illa

514 3870 580 3910 rei
608 3869 859 3922 temporalis
891 3869 1053 3910 oblatio
1085 3871 1128 3908 et
1157 3866 1428 3908 consecratio
1454 3865 1680 3906 liberrime
1709 3864 1805 3904 Deo
1837 3866 1881 3904 et
1911 3861 2087 3904 Christo
2116 3861 2211 3902 eius
2238 3860 2287 3900 in
2315 3871 2394 3900 suo
2409 3854 2586 3905 vicarie,

518 3944 583 3981 est
622 3941 832 3982 ecclesiae
863 3941 910 3982 in
940 3941 1033 3983 eius
1062 3940 1203 3994 capite
1233 3938 1351 3981 facta
1380 3942 1424 3980 et
1451 3937 1633 3996 tradita3
1670 3936 1853 3991 *donatio
1888 3939 2037 3977 tamen
2071 3936 2116 3975 et
2144 3924 2306 3974 oblatio
2344 3926 2587 3984 generatim
