2626 4432
1039 129 1364 188 ..5-

121 294 484 363 Hieronymus
518 289 538 324 1
578 291 769 361 „fidem
810 306 959 344 suam
999 290 1403 357 quam-vocat?
1442 304 1630 342 eamne
1658 290 1765 357 qua
1788 301 2012 340 romana
2042 284 2212 354 pollet
2228 293 2519 340 Hieronymus·

122 388 381 455 ecclesia,
429 404 496 440 an
543 386 689 438 illam
736 401 874 452 quae
929 385 981 436 in
1029 382 1276 452 Origenis
1337 383 1697 437 voluminibus
1751 378 2098 434 continetur?
2152 374 2211 428 Si

121 495 397 554 romanam
435 478 804 548 responderit,
853 493 988 546 ergo
1038 478 1291 531 catholici
1328 492 1558 546 sumus„
1636 475 1785 540 Quae
1837 471 2050 541 quidem
2089 486 2213 523 sen-

123 574 289 628 tentia
338 572 478 626 adeo
533 572 701 641 vulgo
756 572 1088 639 innotuerat,
1138 578 1197 625 ut
1236 570 1572 628 Theodosius
1609 569 1798 639 junior
1828 565 1850 600 ²
1898 566 2213 635 religionem
2232 575 2491 663 Thessu‘fssnm

126 667 445 722 catholicam
485 666 682 720 dixerit
733 680 1009 718 romanam
1058 665 1391 733 religionem.

265 819 313 873 5.
353 818 500 872 Sane
527 818 632 870 huc
669 818 904 886 pertinet
940 818 1171 870 formula
1197 833 1229 869 a
1254 816 1488 869 romanis
1512 814 1855 884 praesulibus
1883 811 2171 866 Hormisda
2195 808 2475 854 aum-mima.

120 920 175 967 et
231 912 506 966 Hadriano
545 910 584 964 I.
632 912 915 980 proposita
944 907 967 941 4
1031 917 1084 963 et
1133 913 1201 964 ab
1249 911 1600 964 orientalibus
1662 908 1939 977 episcopis
1994 911 2217 975 recepta
2235 908 2481 945 Hadrianus
2505 906 2541 942 Ι·

119 1012 280 1075 atque
310 1001 332 1035 5
397 1004 732 1074 subscripta,
803 1020 941 1071 quae
998 1005 1072 1056 ita
1131 1003 1375 1072 incipit2.
1408 1003 1623 1071 „Prima
1689 1001 1836 1054 salus
1894 1007 1978 1054 est
2009 1006 2217 1069 ‚rectae

117 1098 246 1152 fidei
295 1098 538 1167 regulam
593 1096 889 1164 custodire,
953 1102 1008 1149 et
1060 1113 1094 1149 a
1139 1096 1359 1150 Patrum
1414 1094 1704 1148 traditione
1761 1094 2064 1147 nullatenus
2121 1092 2218 1145 de-

117 1193 296 1259 viare,
357 1191 481 1260 quia
537 1205 645 1244 non
706 1196 887 1259 potest
940 1188 1150 1243 Domini
1204 1190 1374 1242 nostri
1429 1188 1564 1243 Jesu
1622 1187 1823 1241 Christi
1862 1188 2218 1257 praetermitti

119 1283 384 1337 sententia
435 1282 693 1336 dicentis:
765 1282 843 1336 Tu
895 1298 954 1336 es
1000 1282 1192 1335 Petrus
1250 1288 1304 1335 et
1353 1297 1519 1352 super
1570 1283 1711 1335 hanc
1766 1288 1978 1351 petram
2028 1280 2219 1334 aedifi-

121 1380 257 1432 cabo
315 1377 599 1430 ecclesiam
647 1393 836 1430 meam.
911 1377 1063 1430 Haec
1127 1392 1266 1445 quae
1319 1376 1462 1430 dicta
1518 1382 1640 1429 sunt
1690 1392 1871 1429 rerum
1920 1377 2220 1445 probantur

119 1471 399 1525 effectibus
412 1510 428 1539 ,
489 1471 612 1539 quia
663 1471 718 1523 in
771 1470 902 1523 sede
958 1471 1261 1540 apostolica
1309 1470 1634 1524 inviolabilis
1681 1486 1896 1539 semper
1950 1469 2220 1523 catholica

66 1629 69 1632 ,
121 1565 421 1620 custoditur
485 1564 693 1633 religio.
770 1565 850 1618 De
906 1564 1012 1618 hac
1067 1580 1203 1633 ergo
1241 1564 1368 1616 ·fide
1421 1579 1529 1617 non
1576 1564 1776 1618 cadere
1831 1564 2110 1632 cupientes
2166 1569 2220 1615 et

120 1659 339 1712 Patrum
388 1665 676 1727 sequentes
723 1659 774 1711 in
821 1660 1066 1714 omnibus
1108 1661 1422 1728 constituta,
1477 1660 1992 1714 anathematizamus
2032 1674 2219 1712 omnes

119 1753 424 1821 haereses„
501 1751 570 1806 Et
622 1754 813 1807 iterum
863 1754 1029 1823 paulo
1077 1766 1229 1823 post:
1297 1752 1664 1824 „suscipimus
1705 1760 1882 1807 autem
1919 1759 1975 1807 et
2015 1755 2219 1822 proba-

119 1863 234 1900 mus
286 1847 546 1915 epistolas
591 1848 738 1901 beati
793 1846 996 1901 Leonis
1042 1865 1221 1918 papae
1273 1849 1555 1902 universas
1579 1889 1593 1917 ‚
1653 1863 1787 1917 quas
1836 1847 1905 1901 de
1954 1847 2219 1915 religione

117 1941 410 1995 christiana
463 1942 818 2012 conscripsit,
871 1944 1008 1997 sicut
1069 1943 1466 2013 praediximuS‚
1519 1946 1806 2011 sequentes
1865 1942 1921 1995 in
1975 1942 2220 1996 omnibus

119 2036 469 2106 apostolicam
527 2037 737 2106 sedem,
802 2044 857 2092 et
922 2038 1304 2115 praedicantes
1360 2038 1482 2107 ejus
1531 2038 1707 2091 omnia
1768 2037 2074 2091 constituta.
2149 2033 2221 2089 Et

118 2147 219 2200 per
258 2130 435 2184 omnia
473 2146 667 2200 spero,
715 2138 773 2186 ut
810 2133 865 2185 in
911 2149 1017 2186 una
1063 2133 1434 2186 communione
1482 2133 1792 2201 vobiscum,
1851 2147 2009 2200 quam
2059 2129 2220 2184 sedes

122 2224 425 2293 apostolica
480 2225 787 2295 praedicat,
839 2242 961 2280 esse
1024 2243 1261 2291 merear,
1321 2226 1374 2278 in
1434 2242 1540 2294 qua
1588 2232 1672 2278 est
1719 2226 1935 2294 integra
1986 2230 2041 2277 et
2087 2242 2219 2277 vera

122 2317 446 2372 christianae
476 2319 759 2387 religionis
798 2326 853 2374 et
882 2321 1129 2389 perfecta
1174 2320 1444 2374 soliditas:
1494 2320 1814 2389 promittens
1870 2319 1925 2371 in
1974 2318 2220 2387 sequenti

121 2417 367 2481 tempore
405 2419 776 2480 sequestratos
825 2432 858 2466 a
897 2416 1265 2468 communione
1305 2414 1574 2469 ecclesiae
1613 2413 1917 2467 catholicae
1955 2413 1984 2465 i.
2025 2430 2070 2464 e.
2111 2426 2218 2464 non

121 2507 518 2560 consentientes
558 2508 675 2561 sedi
712 2510 1079 2578 apostolicae,
1129 2524 1314 2562 eorum
1354 2509 1569 2562 nomina
1606 2507 1747 2560 inter
1784 2523 1943 2560 sacra
1981 2522 2089 2559 non
2128 2522 2215 2558 re-

119 2600 336 2654 citanda
382 2616 504 2654 esse
558 2604 865 2672 mysteria„
946 2601 997 2656 A
1036 2604 1227 2672 quibus
1280 2609 1553 2672 postremo
1602 2617 1708 2654 non
1761 2601 2074 2670 discrepant
2120 2600 2214 2653 illa

121 2694 373 2764 Gregorii
411 2694 476 2750 Π.
516 2696 707 2764 quibus
739 2695 760 2728 ⁰
806 2698 1076 2767 episcopis
1126 2698 1456 2765 ducibusque
1497 2696 1818 2750 Germaniae
1867 2694 2208 2763 significavit,
2228 2698 2461 2746 Gregorius
2488 2699 2549 2736 ΙΙ·

121 2788 450 2842 commisisse
489 2806 550 2842 se
575 2788 858 2845 Bonifacio
892 2792 1223 2860 moguntino,
1263 2798 1321 2844 ut
1346 2791 1580 2860 populos
1605 2808 1675 2844 ex
1702 2789 2039 2860 apostolicae
2066 2790 2221 2843 huius

121 2882 267 2935 sedis
307 2882 553 2937 doctrina
590 2885 866 2954 informet,
901 2892 955 2939 et
994 2887 1046 2938 in
1087 2886 1276 2938 eadem
1310 2885 1578 2940 catholica
1626 2884 1737 2937 fide
1776 2900 2096 2953 permanere
2135 2884 2219 2936 in-

119 2977 355 3047 stituat„
432 2976 552 3032 Una
586 2980 751 3048 igitur
790 2980 1086 3048 eademque
1124 2982 1447 3034 censebatur
1486 2979 1789 3033 communio
1830 2994 1950 3032 cum
1992 2993 2217 3032 romana

122 3071 253 3124 sede
288 3070 309 3104 ⁷
341 3088 407 3125 ac
445 3088 562 3125 cum
598 3073 866 3129 catholica
902 3075 1135 3129 ecclesia
1173 3075 1472 3142 eademque
1510 3074 1745 3128 ecclesia
1782 3073 2100 3143 apostolica.

243 3322 261 3351 1
292 3323 410 3368 Adv.
439 3321 587 3370 Rufin.
618 3326 649 3370 l.
683 3326 714 3370 1.
744 3339 787 3370 n.
819 3327 860 3370 4.

243 3395 261 3423 2
291 3396 372 3453 Ep.
404 3397 465 3441 ad
496 3399 634 3444 Aeac.
667 3398 881 3461 aliosque
898 3399 1151 3457 episcopos
1181 3403 1229 3445 et
1248 3401 1562 3447 anachoretas
1593 3401 1795 3447 recitata
1827 3402 1872 3446 in
1906 3402 2064 3460 ephes.
2090 3413 2220 3446 conc.

243 3467 262 3497 3
290 3468 461 3513 Libelli
489 3471 562 3514 sui
591 3471 796 3516 meminit
831 3485 936 3529 epp.
968 3473 1008 3516 8.
1041 3474 1083 3517 9.
1125 3472 1185 3516 ad
1226 3487 1330 3531 epp.
1362 3474 1493 3532 Epiri
1532 3479 1624 3521 vet.
1652 3463 1707 3521 ⁴et
1737 3476 1798 3520 ad
1829 3476 2070 3522 Joannem.
2130 3475 2217 3519 Re-

123 3540 278 3587 fertur
308 3555 425 3588 vero
457 3543 504 3587 in
532 3557 604 3602 ep.
634 3545 831 3590 Joannis
870 3546 1151 3591 constantin.
1177 3546 1236 3590 ad
1260 3547 1554 3594 Hormisdam
1587 3553 1635 3595 et
1657 3549 1704 3594 in
1738 3563 1810 3607 ep.
1834 3549 1903 3596 LI.
1939 3547 2216 3594 Hormisdae

122 3614 184 3659 ad
214 3615 459 3660 universos
490 3616 742 3674 Hispaniae
774 3618 1025 3676 episcopos
1056 3631 1130 3676 ap.
1157 3619 1309 3664 Mansi
1338 3619 1369 3664 l.
1403 3634 1441 3665 c.

236 3688 257 3718 4
288 3689 471 3733 Videsis
503 3689 682 3736 Concil.
716 3703 950 3736 oecumen.
985 3690 1094 3734 Vlll.

241 3762 261 3792 ⁵
291 3761 361 3809 Cf.
394 3763 667 3809 Muzzarelli
699 3777 859 3822 opusc.
898 3765 955 3809 de
986 3767 1108 3810 auct.
1138 3778 1255 3812 rom.
1286 3771 1416 3826 pont.

243 3835 262 3865 ⁶
293 3836 342 3879 In
373 3836 462 3882 litt.
495 3838 556 3882 ad
587 3850 688 3895 epp.
720 3842 768 3883 et
799 3837 938 3883 duces
970 3837 1181 3884 German.

244 3909 262 3937 '¹
291 3907 359 3954 Ita
404 3910 562 3955 Bruno
607 3914 779 3956 astens.
826 3914 887 3956 tr.
928 3911 989 3956 vde
1031 3924 1149 3957 sacr.
1192 3925 1342 3972 azym.
1399 3914 1564 3973 „Absit
1612 3915 1705 3961 hoc
1746 3928 1775 3961 a
1806 3913 2043 3962 catholiea
2076 3917 2216 3973 atque
2230 3928 2376 3966 Bruno
2411 3929 2572 3969 astens-

122 3982 388 4041 apostoliea
417 3986 466 4029 et
495 3997 691 4030 romana
720 3978 967 4046 ecelesia„
