2626 4432
969 138 1330 194 „27-.

107 309 190 362 cui
223 307 417 375 singuli
456 305 671 358 obnoxii
709 309 855 369 sunt,
887 307 1074 370 utpote
1115 299 1564 369 compertissima,
1603 296 1766 364 plene
1804 294 2100 359 silebimus3
2134 298 2189 344 at

106 417 382 470 perpauca
417 399 684 464 dabimuS,
742 413 879 464 quae
928 395 1312 463 obligationem
1355 392 1518 445 totius
1569 389 1868 455 societatiS,
1930 392 2187 455 quatenus

109 496 340 548 societas
381 499 487 560 est,
527 490 870 560 patefaciant.

254 629 426 696 Igitur
481 627 799 696 persuaderi
853 644 898 678 a.
938 627 1075 678 haec
1125 624 1383 691 obligatio
1441 639 1509 674 ex
1556 636 1622 672 eo
1669 625 1873 689 potest,
1938 616 2082 685 quod
2121 633 2188 668 ex
2209 625 2412 660 Historia-

110 722 364 775 historiae
401 720 751 773 monumentis
792 720 858 772 sit
891 718 1401 788 exploratissimum,
1450 715 1652 767 nullam
1702 713 1879 765 adhuc
1917 711 2189 763 exstitisse

110 816 378 868 hominum
416 813 751 879 societatem,
791 828 930 879 quae
969 812 1286 878 religionem
1325 824 1431 861 non
1470 807 1685 876 publice
1726 805 1979 872 coluerit,
2030 809 2191 871 atque

111 907 389 962 colendam
429 924 460 959 a
493 921 553 958 se
592 920 713 957 esse
751 920 859 957 non
898 903 1227 956 existimarit.

253 1034 368 1086 Nec
405 1035 453 1086 b.
494 1033 778 1084 immerito:
828 1030 1258 1099 quandoquidem
1298 1030 1343 1081 si
1382 1029 1579 1081 collata
1619 1027 1875 1079 divinitus
1913 1025 2194 1091 beneficia,
2213 1034 2351 1083 officit·
2380 1035 2508 1072 mult.

113 1128 157 1180 si
196 1125 484 1193 singularis
523 1123 891 1193 providentia,
943 1124 988 1175 si
1034 1125 1287 1192 perennis
1339 1141 1371 1175 a
1423 1122 1604 1175 divino
1654 1126 1786 1173 nutu
1835 1119 2196 1187 dependentia

111 1218 362 1287 exigunt,
410 1225 467 1271 ut
505 1217 702 1285 singuli
742 1217 936 1284 quique
975 1217 1252 1284 religionis
1309 1215 1490 1270 officia
1530 1216 1812 1283 expleant,
1869 1229 1935 1265 ea
1985 1227 2196 1280 quoque

113 1311 321 1381 expleri
361 1313 428 1364 ab
477 1311 688 1377 integra
738 1311 1022 1377 societate,
1082 1312 1460 1378 cuiuscumque
1513 1311 1720 1363 formae
1776 1309 2017 1377 regimen
2080 1309 2195 1359 eius

110 1406 272 1459 fuerit
309 1420 533 1459 necesse
571 1410 680 1472 est,
722 1404 921 1473 quippe
961 1420 1097 1471 quae
1135 1404 1285 1457 hisce
1325 1404 1567 1458 omnibus
1609 1420 1726 1458 cum
1765 1402 1881 1456 Deo
1920 1402 2197 1454 relationi-

111 1501 212 1553 bus
250 1514 316 1553 ac
354 1512 525 1566 prope
565 1498 790 1551 nexibus
830 1497 1179 1551 devinciatur.

253 1621 546 1680 Praeterea
576 1643 620 1679 c.
646 1626 783 1679 fallit
806 1627 1096 1694 neminem,
1124 1627 1191 1679 ad
1221 1645 1287 1680 ea
1310 1628 1639 1697 praestanda
1669 1628 1982 1681 societatem
2010 1628 2198 1694 teneri,

114 1737 251 1788 quae
287 1722 331 1772 si
370 1721 575 1788 desint,
615 1726 672 1773 ut
712 1720 830 1789 ipsa
861 1720 1067 1789 pariter
1107 1720 1402 1790 dilabatur,
1444 1723 1688 1775 nessario
1725 1722 2018 1789 continget.
2099 1717 2194 1773 At·
2243 1735 2246 1738 ⁴

115 1814 204 1880 qui
244 1812 548 1883 hujusmodi
588 1818 671 1865 est
708 1814 919 1882 religio.

180 2001 182 2003 .
257 1945 487 1997 Rursum
528 1944 577 1996 d.
617 1945 684 1997 ad
725 1962 791 1997 ea
829 1945 1180 2012 obstringitur
1208 1946 1469 2009 societaS,
1508 1961 1647 2012 quae
1685 1943 1953 1996 hominum
1991 1948 2201 2008 natura,

114 2042 302 2109 quibus
341 2042 460 2110 ipsa
500 2042 782 2108 coalescit,
823 2042 1089 2110 efflagitat
1127 2057 1194 2094 ac
1233 2040 1417 2092 nativo
1457 2039 1559 2092 sibi
1598 2038 1836 2091 vindicat
1870 2037 2011 2106 jure.
2088 2034 2199 2087 Sed

114 2134 150 2184 ii
189 2139 307 2185 sunt
349 2133 618 2199 homineS,
670 2134 758 2201 qui
790 2151 962 2202 neque
1001 2135 1209 2202 possint
1262 2148 1437 2198 neque
1493 2130 1727 2184 debeant
1761 2145 1866 2182 non
1918 2146 2203 2197 erumpere

114 2227 167 2278 in
207 2227 451 2294 publicos
484 2232 662 2293 actuS,
711 2227 902 2294 quibus
943 2243 1093 2280 suam
1136 2228 1190 2279 in
1228 2225 1397 2278 Deum
1437 2224 1752 2291 religionem
1793 2223 1994 2277 faciant
2033 2229 2201 2275 testa-

115 2319 383 2372 tissimam.

264 2447 356 2500 Ad
404 2450 540 2502 haec
579 2467 622 2502 e.
661 2450 844 2517 nequit
894 2450 1130 2502 societas
1178 2449 1448 2502 vinculum
1507 2446 1639 2499 illud
1690 2449 2042 2515 abrumpere,
2099 2460 2203 2512 quo

120 2541 238 2610 ejus
277 2544 514 2596 membra
554 2542 884 2610 potissimum
910 2543 1276 2609 continentur,
1316 2548 1370 2593 et
1409 2556 1513 2608 quo
1542 2539 1610 2592 ad
1639 2537 1987 2605 exsequenda
2025 2542 2204 2589 mutua

118 2635 298 2688 officia
330 2632 348 2665 ¹
387 2642 769 2704 permoventur
808 2636 1096 2689 efficacius,
1147 2636 1320 2690 Porro
1359 2636 1464 2688 hoc
1498 2631 1764 2688 vinculum
1806 2643 1889 2686 est
1915 2636 2034 2703 ipsa
2068 2635 2204 2702 pub·
2222 2651 2396 2687 suares.

122 2728 224 2782 lica
263 2730 538 2797 religionis
577 2730 862 2799 professio,

243 2979 259 3006 ¹
290 2978 392 3023 Nisi
431 2977 584 3021 adsint
615 2975 750 3021 frena
782 2981 830 3022 et
868 2977 1171 3023 incitamenta
1202 2978 1386 3023 interna
1409 2991 1528 3036 quae
1553 2979 1764 3023 homines
1789 2980 2073 3035 contineant,
2105 2993 2207 3023 eos-

123 3063 211 3107 que
242 3050 295 3093 ut
325 3049 569 3107 plurimum
599 3049 768 3094 saltem
807 3049 867 3092 ad
907 3064 993 3094 sua
1022 3051 1306 3108 praestanda
1338 3049 1495 3096 officia
1529 3053 1791 3110 impellant,
1839 3054 1953 3097 solis
1987 3053 2208 3096 adhibitis

122 3122 283 3166 mediis
315 3123 519 3167 externis
560 3122 636 3166 diu
678 3127 806 3168 certe
848 3123 1079 3174 hominum
1120 3125 1325 3169 societas
1365 3126 1470 3184 regi
1500 3127 1671 3183 nequit.
1732 3127 1877 3171 Huius
1923 3126 1996 3171 rei
2035 3126 2209 3183 proba-

124 3194 296 3240 tionem
323 3209 476 3240 rerum
507 3196 736 3254 praebent
767 3201 984 3254 naturae,
1016 3202 1182 3243 testem
1214 3199 1294 3243 dat
1316 3199 1537 3256 historia,
1571 3198 1937 3258 suffragatorem
1960 3213 2052 3244 non
2078 3212 2208 3256 sper-

126 3269 322 3312 nendum
360 3269 512 3313 habeo
553 3269 747 3314 Suarem
784 3270 839 3314 de
879 3270 1062 3329 legibus
1104 3272 1132 3315 1.
1168 3273 1236 3316 111.
1268 3285 1304 3316 c.
1342 3274 1409 3315 12.
1453 3286 1496 3316 n.
1529 3274 1577 3316 5:
1628 3274 1792 3330 „Quod
1834 3277 1988 3317 autem
2027 3271 2209 3329 politici

128 3339 303 3397 dicunt,
348 3355 441 3386 non
470 3356 612 3400 posse
651 3343 983 3401 rempublicam
1023 3345 1329 3402 temporalem
1366 3345 1444 3389 vel
1483 3359 1678 3403 regnum
1719 3346 1981 3403 temporale
2021 3358 2209 3389 conser-

127 3414 252 3469 vari,
285 3414 326 3458 si
354 3415 402 3458 in
433 3415 643 3459 omnibus
675 3416 886 3473 regulam
917 3416 1180 3461 honestatis
1222 3422 1307 3467 3111
1346 3417 1531 3462 divinae
1572 3419 1692 3477 legis
1733 3422 1980 3477 sequatur,
2020 3418 2207 3463 omnino

128 3484 297 3531 salsum
329 3490 425 3544 est;
470 3500 574 3531 nam
605 3490 645 3531 si
675 3487 921 3545 loquamur
962 3490 1019 3533 de
1059 3490 1307 3535 honestate
1340 3491 1571 3548 naturali,
1618 3492 1775 3549 potius
1814 3492 1897 3535 1113
1939 3492 2209 3536 necessaria

129 3560 291 3604 estad
321 3563 482 3617 pacem
519 3565 567 3605 et
608 3559 879 3606 felicitatem
926 3562 1167 3619 politicam
1206 3563 1492 3620 reipublicae
1533 3566 1781 3619 humanae,
1827 3570 1879 3609 ut
1919 3564 2060 3609 etiam
2105 3564 2209 3621 ipsa

127 3628 418 3676 iura'civilia
449 3630 678 3689 fatentur,
709 3647 827 3691 quae
858 3634 1015 3679 statim
1045 3635 1319 3679 referemus.
1382 3636 1436 3681 Si
1466 3650 1582 3681 vero
1615 3637 1677 3681 sit
1723 3650 1876 3681 sermo
1919 3637 1974 3680 de
2015 3636 2210 3693 integri-

129 3709 227 3750 tate
258 3704 366 3750 fidei
396 3710 442 3750 et
473 3707 737 3764 religionis,
770 3708 873 3764 ipsa
903 3708 1192 3764 experientia
1225 3713 1433 3764 constat,
1479 3710 1610 3753 nulla
1648 3723 1700 3754 re
1731 3710 1895 3753 melius
1935 3709 2211 3753 conservari

130 3793 300 3837 regna,
341 3781 478 3825 etiam
509 3781 555 3823 in
587 3780 836 3837 temporali
874 3779 1123 3836 felicitate,
1165 3793 1301 3837 quam
1347 3781 1611 3826 obedientia
1649 3786 1697 3826 et
1738 3782 2095 3826 conservatione
2135 3795 2210 3825 ca-

130 3852 335 3896 tholicae
365 3850 473 3896 fidei
505 3865 560 3896 ac
591 3852 859 3910 religionis,
909 3852 966 3895 de
997 3866 1089 3909 quo
1122 3860 1399 3910 argumento
1437 3855 1589 3898 videri
1630 3859 1826 3912 possunt
1858 3870 1976 3912 quae
2016 3856 2209 3914 copiose

130 3923 294 3969 scribit
333 3925 500 3969 Bozius
541 3925 597 3969 de
640 3926 787 3983 signis
835 3924 999 3968 eccles.
1048 3925 1297 3984 praecipue
1338 3927 1387 3971 ll.
1423 3929 1491 3970 11.
1523 3932 1571 3972 et
1605 3930 1671 3972 19.
1719 3928 1936 3974 Bellarm.
1970 3930 2000 3974 l.
2034 3931 2107 3974 IV.
2152 3931 2210 3974 de
