2716 4446
988 227 1052 231 —
1136 192 1246 250 139
1325 224 1390 229 —-

145 357 452 428 infligendi,
502 357 626 409 dum
666 355 733 408 ad
771 356 944 423 ipsum
982 355 1151 406 solum
1183 369 1415 407 summus
1454 371 1552 406 rex
1602 369 1666 406 ac
1706 353 1948 406 dominus
2003 350 2226 419 amplis-

144 452 278 503 sima
315 452 485 504 verba
517 447 537 480 ¹
586 447 869 500 direxerit:
918 445 1007 500 καὶ
1046 439 1077 499 ὃ
1114 442 1206 499 ἐάν
1244 439 1411 516 δήσῃς
1457 441 1550 497 ἐπὶ
1595 444 1693 515 τῆς
1740 444 1835 515 γῆς
1872 440 2025 497 ἔσται
2074 442 2226 498 δεδε-

95 543 104 549 ’
141 540 299 611 μένον
336 540 391 596 ἐν
427 546 543 606 τοῖς
581 537 845 615 οὐρανοῖς·
878 540 966 594 καὶ
1000 535 1031 595 ὃ
1068 537 1159 595 ἐάν
1189 533 1354 612 λύσῃς
1379 538 1471 594 ἐπὶ
1509 540 1603 610 τῆς
1627 540 1722 610 γῆς
1757 535 1909 593 ἔσται
1940 536 2227 607 λελυμένον

141 635 198 691 ἐν
229 639 347 699 τοῖς
377 631 639 709 οὐρανοῖς.

291 781 407 837 166.
439 781 631 834 Nonne
667 781 860 834 iterum
892 778 957 849 6]
997 797 1130 834 unus
1157 781 1410 848 solusque
1437 780 1629 833 Petrus
1668 784 1779 846 est,
1820 779 1904 832 cui
1933 776 2180 832 Christus
2203 773 2383 824 2Ιιιισαει
2407 787 2543 824 XXII.

141 876 321 931 verbis
357 876 464 928 illis
518 873 608 928 καὶ
656 871 726 929 οὐ
762 873 896 929 ποτὲ
949 871 1290 947 ἐπιστρέψας
1341 869 1590 948 στήριξον
1627 872 1757 936 τούς
1803 868 2075 946 ἀδελφούς
2113 891 2229 938 σου,

143 986 261 1024 cum
300 968 479 1022 officio
520 985 585 1022 ac
615 968 742 1038 jure
782 968 1134 1023 confirmandi
1171 970 1368 1021 fratres
1417 969 1773 1037 principatum
1813 969 1867 1020 in
1909 968 2226 1036 episcopatu

141 1065 386 1130 interque
426 1063 715 1131 episcopos
757 1063 958 1130 primas
1009 1062 1243 1114 detulit?
1304 1062 1374 1115 Et
1428 1061 1643 1115 tandem
1703 1060 1767 1130 7)
1808 1077 1986 1114 nonne
2032 1061 2226 1114 Petrus
2241 1070 2449 1107 Johannis
2482 1071 2592 1107 XXI.

142 1157 288 1209 solus
326 1156 424 1209 fuit
461 1162 514 1208 et
550 1171 716 1221 unuS,
757 1156 842 1208 cui
871 1153 894 1187 3
930 1161 1118 1223 pastor
1154 1157 1357 1222 bonuS,
1394 1160 1615 1223 praeter
1642 1171 1798 1222 quem
1837 1160 2024 1223 pastor
2048 1171 2080 1207 a
2107 1169 2227 1206 sese

142 1251 313 1303 bonus
339 1249 539 1311 ⁴vocari
576 1248 761 1300 nullus¹
785 1254 992 1317 potest,
1045 1254 1152 1301 tam
1202 1262 1335 1300 oves
1384 1263 1509 1301 suas
1550 1248 1811 1300 commisit
1849 1264 2005 1315 quam
2046 1262 2229 1300 omnes

143 1357 268 1395 suos
308 1357 505 1410 agnoS,
562 1337 726 1409 βάσκε
762 1338 831 1395 τοὶ
868 1338 1187 1413 ἀρνία-μου·
1227 1339 1484 1409 ποίμαινε
1525 1337 1593 1393 τά
1622 1334 1872 1413 πρόβατά
1906 1360 2038 1407 μου,
2095 1356 2230 1408 quos

116 1448 347 1488 'summa
384 1435 644 1504 pastorali
682 1452 812 1489 cura
861 1451 925 1488 ac
961 1436 1247 1504 principali
1297 1436 1531 1504 pastoris
1583 1434 1765 1489 officio
1814 1436 2232 1504 amplecteretur

144 1544 211 1583 ac
254 1535 521 1598 pasceret.
594 1526 763 1597 Atqui
812 1530 1187 1583 oecumenicus
1247 1529 1335 1581 hic
1391 1535 1726 1598 pastoratuS,
1786 1545 1942 1596 quem
2003 1530 2231 1598 peccati,

145 1624 332 1676 mortis
369 1623 1062 1694 infernique-triumphator
1102 1623 1348 1677 Christus
1387 1622 1552 1675 Petro
1580 1621 1833 1688 contulit,
1873 1621 2010 1674 sicut
2042 1621 2233 1673 haberi

145 1717 294 1770 velut
329 1717 568 1786 impletio
603 1704 770 1771 *debet
806 1718 1105 1786 promissae
1144 1717 1318 1770 eidem
1363 1717 1610 1785 superius
1645 1715 2070 1785 praerogativae
2109 1714 2232 1767 fun-

147 1809 380 1864 damenti
417 1810 685 1878 totiusque
723 1811 986 1864 ecclesiae
1034 1811 1398 1880 principatus3
1450 1812 1525 1864 ita
1565 1809 1903 1876 oeconomia,
1951 1825 2057 1876 qua
2085 1804 2108 1837 4
2146 1825 2231 1859 re-

147 1903 359 1957 divivus
398 1921 430 1957 a
465 1903 686 1956 mortuis
717 1903 899 1957 mundi
935 1902 1193 1958 Salvator
1232 1907 1366 1974 erga
1403 1906 1621 1959 Petrum
1655 1920 1781 1957 usus
1821 1909 1934 1970 est,
1983 1901 2232 1969 dignitati

151 1997 566 2064 auctoritatique
603 1997 839 2066 pastoris
870 1998 1189 2052 universalis
1228 2000 1472 2069 apprime
1509 1997 1818 2068 respondet.

760 2143 792 2150 l

713 2201 756 2243 2.
789 2197 1015 2243 Doctrina
1044 2201 1256 2242 actorum
1287 2197 1669 2255 apostolicorum.

300 2319 417 2373 167.
458 2316 569 2370 Sed
610 2334 726 2371 cum
765 2317 955 2369 iisdem
981 2318 1380 2386 praerogativis
1407 2318 1473 2371 ΙΙ.
1498 2318 1712 2372 omnino
1739 2318 2054 2385 cohaerent,
2093 2333 2234 2384 quae

157 2429 226 2464 ex
261 2410 645 2480 Apostolorum
687 2411 820 2463 actis
860 2417 914 2462 et
951 2411 1142 2463 litteris
1181 2411 1435 2465 docemur
1487 2410 1546 2480 1]
1581 2411 1648 2464 de
1700 2412 1975 2465 nascentis
2029 2425 2233 2480 propa-

155 2511 422 2572 gataeque
455 2504 718 2558 ecclesiae
759 2504 1007 2556 historia:
1048 2521 1113 2556 ea
1146 2521 1375 2573 namque
1399 2506 1627 2558 Petrum
1667 2505 2099 2559 manifestissime
2137 2521 2234 2556 ex-

273 2756 290 2783 1
322 2754 517 2812 Ligandi
545 2753 848 2811 solvendique
879 2751 1082 2812 figurata
1107 2754 1378 2811 loquutione
1404 2767 1461 2797 ex
1485 2752 1805 2797 Hebraeorum
1828 2765 1937 2808 usu,
1971 2765 2063 2809 quo
2088 2752 2237 2797 verba

158 2840 248 2891 ’πρὶς
281 2831 329 2872 et
360 2840 442 2891 '5²23
471 2840 701 2884 usurpare
742 2826 925 2882 solent,
973 2826 1092 2870 idem
1135 2825 1393 2884 significari
1433 2839 1489 2870 ac
1529 2826 1810 2870 interdicere
1858 2830 1906 2870 et
1950 2825 2236 2882 permittere,

102 2927 118 2934 κ
154 2900 234 2944 vel
264 2900 515 2959 prohibere
557 2903 604 2944 et
635 2903 919 2958 potestatem
952 2896 1133 2955 facere,
1165 2901 1243 2943 vel
1274 2901 1439 2958 punire
1472 2904 1519 2944 et
1549 2901 1777 2955 liberare,
1809 2899 1889 2942 vel
1926 2898 2235 2943 condemnare

155 2978 203 3019 et
233 2973 485 3029 dimittere,
516 2973 594 3016 vel
626 2971 1022 3016 excommunicare
1053 2977 1100 3016 et
1124 2973 1396 3029 restituere,
1430 2971 1641 3017 efficiunt
1659 2973 1870 3018 collectis
1896 2972 2078 3016 abunde
2103 2972 2237 3016 testi-

155 3046 319 3092 moniis
350 3044 619 3104 Lightfoot,
651 3046 869 3102 Drusius,
904 3045 1216 3103 Schoettgen,
1257 3046 1470 3101 Grotius,
1514 3044 1736 3101 Buxtorf,
1775 3044 1983 3090 Morinus
2011 3059 2036 3088 e
2068 3045 2239 3102 priori-

156 3120 266 3176 bus,
308 3124 357 3165 et
385 3133 412 3165 e
441 3119 766 3178 praesentibus
797 3118 938 3176 Sepp.
970 3118 1052 3162 vit.
1082 3118 1124 3163 J.
1157 3119 1204 3163 C.
1238 3123 1270 3163 t,
1304 3120 1355 3163 ΙΙ.
1397 3120 1492 3164 vid.
1531 3119 1745 3176 Phillips.
1782 3119 1864 3178 jus
1897 3131 1997 3163 can.
2032 3122 2063 3162 t.
2098 3118 2128 3161 I.
2161 3131 2235 3174 pp.

157 3193 242 3236 103
273 3205 370 3248 sqq.

283 3265 302 3293 ²
328 3265 434 3307 Luc.
462 3264 604 3313 XXII.
644 3266 699 3308 31
733 3277 829 3321 sqq.
884 3264 951 3308 De
992 3265 1084 3308 hoc
1124 3264 1394 3310 testimonio
1434 3268 1653 3310 accurate
1692 3267 1787 3308 tum
1827 3264 2053 3321 dicemus,
2101 3276 2237 3320 quum

160 3335 340 3381 romani
371 3336 582 3392 episcopi
612 3337 747 3381 dotes
777 3350 1075 3395 exponemus.

279 3408 298 3439 ³
325 3409 431 3453 Joh.
460 3408 579 3454 XXI.
611 3411 665 3451 15
697 3423 796 3467 sqq.
854 3410 936 3455 His
973 3416 1027 3468 a)
1059 3423 1151 3454 non
1183 3411 1342 3468 agitur
1381 3412 1439 3455 de
1480 3411 1602 3455 nuda
1635 3410 2017 3466 commonitione,
2119 3408 2146 3452 d
2177 3409 2235 3464 b)

162 3481 218 3525 de
247 3481 490 3526 ministerii
520 3481 829 3528 ecclesiastici
858 3484 1149 3530 institutione
1181 3482 1266 3540 (cf.
1298 3485 1456 3528 Matth.
1490 3484 1693 3530 XXVIII.
1728 3485 1796 3527 18.
1837 3483 1979 3528 Marc.
2011 3483 2054 3526 X
2099 3481 2131 3524 1.
2168 3482 2236 3524 15.

158 3554 263 3599 Joh.
294 3555 392 3602 XX.
430 3557 543 3610 21),
573 3568 722 3612 neque
762 3559 813 3612 c)
846 3558 1088 3602 consilium
1129 3558 1212 3602 sed
1252 3561 1552 3614 praeceptum
1592 3553 1909 3614 significatur:
1957 3555 1987 3598 Ι.
2021 3555 2128 3600 Cor.
2159 3555 2235 3600 IX.

157 3629 216 3671 23
246 3641 344 3685 sqq.
385 3628 526 3671 Hebr.
557 3628 672 3672 XIII.
706 3630 771 3672 17.
815 3630 1024 3688 adeoque
1067 3631 1120 3688 d)
1151 3631 1198 3674 in
1240 3631 1382 3674 Petro
1424 3628 1626 3674 facultas
1667 3632 1714 3672 et
1739 3629 1821 3687 jus
1861 3628 1920 3671 ad
1960 3627 2078 3670 illud
2109 3640 2238 3670 exse-

159 3701 383 3757 quendum
417 3700 718 3758 supponitur,
756 3706 804 3747 et
835 3703 1185 3760 obtemperandi
1224 3701 1427 3747 officium
1474 3703 1581 3746 aliis
1622 3701 1885 3758 imponitur.
1946 3701 2060 3744 Erat
2091 3713 2237 3757 porro

158 3776 210 3830 e)
250 3774 495 3831 Apostolis
535 3774 743 3818 omnibus
788 3775 1030 3832 pastorale
1077 3773 1282 3819 officium
1331 3787 1591 3819 commune:
1647 3787 1782 3830 quum
1830 3786 1948 3831 ergo
1991 3771 2044 3830 f)
2079 3785 2238 3817 coram

158 3846 327 3890 ceteris
370 3847 514 3891 Petro
560 3846 651 3890 soli
695 3848 931 3906 peculiare
979 3848 1155 3904 aliquid
1200 3848 1419 3892 tributum
1471 3846 1869 3904 deprehendatur,
1915 3845 1963 3889 in
2003 3845 2240 3902 pastorali

158 3919 395 3964 dumtaxat
423 3919 688 3977 principatu
718 3921 855 3964 situm
886 3920 1003 3964 illud
1037 3919 1219 3963 censeri
1248 3923 1421 3975 potest.

275 3992 294 4021 4
327 3993 466 4036 Mare.
498 3992 616 4035 XVl.
650 3994 718 4035 17.
748 3993 854 4036 Luc.
887 3993 1045 4039 XXIV.
1076 3994 1146 4036 34.
1181 3992 1210 4034 Ι.
1242 3991 1347 4037 Gor.
1381 3993 1478 4036 XV.
1511 3994 1539 4036 3
1571 4006 1668 4049 sqq.
