2716 4446
183 633 308 675 Synod.
349 632 469 664 orient·

156 999 285 1040 Populi
314 998 494 1031 institutio.

205 2151 432 2193 Cltvyeostom.

244 3387 397 3421 Scholas-

1381 94 1733 159 ...32-

516 261 581 296 ac
619 238 1030 312 indispensabili
1052 240 1214 313 plane
1242 244 1543 297 ministerio
1572 261 1788 313 semper
1811 239 2074 312 sategisse
2111 248 2326 297 sanctos
2350 241 2578 317 piosque

514 334 808 406 praesules,
837 342 896 387 ut
923 336 1233 407 quicunque
1257 335 1514 406 baptizati
1556 342 1769 403 essent,
1808 334 1866 388 in
1906 332 2107 388 Christi
2129 333 2427 390 Salvatoris
2465 337 2588 410 lege

512 429 613 480 rite
651 428 1057 480 instituerentur
1076 427 1118 498 ¹)
1160 436 1214 481 et
1245 428 1315 480 ad
1335 429 1501 481 vitam
1523 427 1789 498 agendam
1810 426 2161 482 christianam
2181 428 2366 484 debite
2389 429 2565 486 educa

512 527 712 573 rentur.
735 518 1059 590 Speciminis
1081 540 1209 591 ergo
1244 521 1380 575 haec
1398 523 1519 590 sint,
1542 539 1681 592 quae
1705 522 1749 594 2)
1778 521 1930 575 iuxta
1950 521 2366 594 „Apostolorum
2381 531 2436 578 et
2458 525 2593 579 anti-

513 631 739 684 quorum
763 631 998 667 canones
1035 615 1092 667 in
1136 614 1356 685 synodis
1401 613 1828 668 occidentalibus
1853 622 1908 669 et
1934 615 2287 670 orientalibus
2327 624 2587 690 statutos„

511 706 705 759 iterum
718 706 1039 779 inculcata3)
1061 708 1208 780 apud
1222 711 1485 762 orientem
1500 708 1741 763 fuerunt:
1787 709 2108 780 „Praeterea
2120 709 2372 765 fidelibus
2389 711 2590 786 (laicis)

513 818 775 853 canonem
830 801 1112 872 imponant
1170 802 1326 856 verbi
1382 802 1606 855 Domini
1662 804 1860 871 nostri,
1919 811 1978 856 ut
2032 802 2174 857 filios
2212 822 2340 859 suos
2375 805 2593 860 tradant

514 893 837 947 erudiendos
875 895 932 947 in
975 895 1085 948 Dei
1123 896 1331 965 timore,
1373 897 1466 968 qui
1503 896 1914 951 fundamentum
1945 905 2029 950 est
2074 897 2499 967 christianitatiS,
2538 905 2594 953 et

514 988 593 1040 eis
651 986 720 1039 ad
775 989 1093 1041 memoriam
1156 996 1415 1043 revocent
1470 988 1698 1043 verbum
1760 989 2013 1061 Apostoli
2069 989 2350 1046 coelestis:
2409 998 2592 1064 patres

514 1281 594 1323 ulli
622 1294 698 1323 eos
728 1279 974 1334 transgredi
1004 1279 1072 1320 fas
1103 1278 1170 1330 sit,
1202 1291 1442 1332 omnesque
1472 1277 1664 1332 religiosi
1695 1283 1856 1333 patres,
1887 1282 1932 1322 et
1951 1279 2235 1321 ecclesiarum
2265 1283 2456 1322 rectores
2485 1280 2583 1323 dili·

514 1357 667 1407 genter
695 1366 748 1394 ac
779 1353 933 1394 sedulo
965 1350 1142 1393 eosdem
1173 1350 1436 1391 meditentur
1466 1354 1510 1390 et
1540 1355 1828 1392 exerceantur
1870 1351 1917 1392 in
1946 1351 2135 1392 lectione
2166 1364 2315 1393 eorum
2345 1356 2390 1394 et
2419 1352 2592 1395 discant

514 1428 559 1465 et
587 1425 822 1467 observent
852 1424 1056 1466 eosdem:
1087 1422 1196 1463 duos
1226 1423 1483 1475 praesertim
1512 1426 1654 1464 tomos
1684 1423 1895 1464 brevioris
1919 1423 2189 1465 collectionis
2210 1437 2427 1466 canonum
2457 1438 2589 1479 syno—

513 1496 723 1548 dicorum,
756 1501 800 1537 et
829 1496 1016 1537 alterum
1049 1495 1102 1536 de
1133 1494 1284 1535 ordine
1314 1494 1576 1535 iudiciorum
1598 1494 2011 1549 ecclesiasticorum,
2042 1509 2152 1550 opus
2174 1496 2399 1538 Ebediesu
2432 1501 2592 1539 metro-

511 1568 673 1623 politae
705 1568 940 1610 Sobensis:
963 1570 1007 1608 et
1037 1568 1103 1621 (ut
1123 1565 1282 1619 sciant)
1314 1566 1500 1619 qualiter
1529 1566 1667 1607 iustas
1698 1567 1934 1607 sententias
1964 1567 2107 1608 ferant
2134 1567 2182 1608 in
2209 1567 2387 1623 iudicio,
2419 1572 2464 1610 et
2491 1581 2591 1610 cum

514 1641 819 1682 convenientia
849 1638 1104 1694 (aequitate)
1145 1639 1398 1692 permittant
1443 1638 1665 1692 sponsalia
1693 1642 1738 1680 et
1767 1639 1995 1693 coniugia;
2028 1642 2072 1680 et
2100 1639 2213 1680 iuste
2243 1639 2441 1681 dividant
2467 1639 2592 1682 here-

514 1713 686 1766 ditates,
728 1717 771 1754 et
814 1713 872 1753 ad
910 1724 1108 1753 normam
1149 1724 1365 1752 canonum
1406 1711 1640 1752 sacerdotii
1677 1711 1840 1765 gradus
1881 1711 2120 1764 conferant,
2168 1716 2300 1765 atque
2345 1712 2592 1766 gubernent

516 1786 753 1836 ecclesias3
784 1797 973 1838 namque
1005 1784 1182 1825 omnino
1213 1796 1394 1824 necesse
1424 1787 1504 1835 est,
1546 1787 1595 1824 ut
1625 1783 1713 1837 ille,
1756 1785 1831 1838 qui
1861 1788 2004 1825 rector
2035 1787 2078 1825 et
2107 1784 2298 1825 director
2327 1785 2590 1826 constitutus

516 1861 594 1909 est,
627 1857 736 1898 sciat
765 1857 894 1908 viam,
926 1857 971 1898 in
1002 1870 1090 1910 qua
1132 1855 1349 1909 dirigat„:
1394 1856 1495 1900 6011.
1536 1855 1681 1899 Isaac.
1723 1869 1887 1897 armen.
1924 1856 1953 1897 1.
1986 1870 2025 1900 6.
2058 1870 2126 1902 66.
2159 1856 2199 1900 1.
2231 1869 2330 1910 sqq.
2362 1859 2407 1897 et
2436 1869 2520 1900 ser.
2551 1855 2588 1897 1.

515 1929 622 1974 ibid.
655 1943 699 1982 p.
730 1926 832 1972 279.
864 1932 908 1969 et
935 1941 1008 1981 pp.
1031 1925 1134 1970 285.
1157 1940 1252 1980 sqq.
1290 1926 1548 1979 „Quomodo
1579 1927 1774 1980 episcopi
1795 1931 1973 1969 sanctae
2004 1928 2217 1970 ecclesiae
2246 1928 2587 1970 domesticorum

515 2015 665 2043 curam
695 2014 848 2055 gerere
880 2001 1111 2052 debeant„

693 2069 724 2126 ¹)
756 2073 825 2113 De
857 2071 1008 2112 decem
1040 2071 1146 2111 mill.
1179 2071 1327 2111 talent.
1361 2070 1492 2113 debit.
1523 2084 1594 2124 ap.
1626 2071 1764 2124 Mign.
1795 2084 1864 2124 gr.
1888 2071 1978 2114 ΡΡ.
2002 2075 2033 2115 t.
2058 2069 2132 2115 51.
2152 2085 2198 2125 Ρ.
2221 2070 2292 2113 23.
2323 2085 2358 2113 s.
2389 2072 2585 2114 Joannes

515 2146 853 2199 Chrysostomus
883 2143 994 2184 haec
1025 2144 1204 2197 egregie
1234 2144 1390 2184 habet:
1440 2139 1538 2191 Οὐχ
1570 2140 1615 2183 οἱ
1646 2142 1813 2187 ἔξωθεν
1844 2142 1898 2182 δὲ
1927 2140 2068 2192 μόνον
2100 2138 2337 2200 ἄρχοντες,
2367 2140 2481 2185 ἀλλὰ
2510 2143 2588 2185 καὶ

514 2216 558 2259 οἱ
587 2218 675 2258 τῶν
706 2214 936 2270 ἐκκλησιῶν
966 2215 1248 2272 προεστῶτες
1278 2216 1359 2269 τῆς
1390 2213 1561 2258 οἰκείας
1593 2211 1742 2272 ἀρχῆς
1775 2211 1993 2263 ὑφέξουσι
2011 2212 2097 2257 τόν
2115 2215 2268 2268 λόγον·
2289 2216 2365 2258 καὶ
2385 2216 2586 2267 μάλιστα

512 2282 645 2332 οὗτοί
677 2288 787 2330 εἰσιν
824 2287 868 2329 οἱ
901 2289 975 2329 ἐπὶ
1005 2289 1139 2328 πλέον
1171 2285 1254 2331 τοὶς
1285 2285 1450 2344 πικράς
1497 2289 1573 2328 καὶ
1613 2286 1807 2344 βαρείας
1847 2283 2048 2332 εὐθύνας
2077 2284 2336 2339 ὑπέχοντες.
2366 2289 2468 2330 Καὶ
2495 2304 2585 2346 γαρ

512 2361 536 2405 ὁ
568 2365 655 2405 τοῦ
685 2362 823 2414 λόγου
854 2360 938 2418 τήν
970 2361 1210 2403 διακονίαν
1250 2363 1626 2419 ἐγκεχειρισμένος
1671 2361 2029 2418 ἐξετασθήσεται
2066 2360 2183 2413 μετὰ
2223 2358 2457 2420 ἀκριβείας
2487 2362 2585 2415 ἐκεῖ,

511 2435 551 2478 εἰ
579 2434 691 2491 μήτε
724 2430 851 2490 ὄκνῳ,
893 2434 1006 2490 μήτε
1048 2434 1204 2490 φθόνῳ
1250 2436 1443 2492 παρεῖδέ
1487 2449 1534 2476 τι
1574 2434 1661 2476 τῶν
1694 2433 1893 2477 δεόντων
1925 2434 2079 2488 εἰπεῖν,
2112 2436 2188 2476 καὶ
2218 2431 2300 2476 διὰ
2329 2434 2419 2477 τῶν
2450 2436 2587 2492 ἔργων

513 2507 747 2558 ἐπέδειξεν,
783 2503 857 2547 ὅτι
888 2506 1044 2548 πάντα
1076 2506 1376 2557 διεστείλατο,
1420 2507 1495 2547 καὶ
1546 2503 1683 2548 οὐδὲν
1715 2509 1878 2564 ἔκρυψε
1907 2508 1995 2549 τῶν
2025 2507 2349 2565 συμφερόντων.
2380 2506 2529 2549 Πάλιν
2559 2503 2584 2548 ὅ

509 2578 592 2634 τήν
632 2575 880 2633 ἐπισκοπὴν
919 2576 1085 2629 λαχών,
1127 2575 1217 2633 ὅσῳ
1259 2575 1378 2635 πρὸς
1416 2577 1606 2627 μείζονα
1651 2574 1787 2630 ὄγκον
1829 2575 2096 2634 ἀναβέβηκε,
2142 2577 2348 2634 τοσούτῳ
2393 2578 2585 2634 πλείονα

511 2649 893 2707 ἀπαιτηθήσεται
936 2650 1091 2703 λόγον,
1136 2647 1243 2701 οὐχὶ
1283 2649 1584 2694 διδασκαλίας·
1622 2648 1765 2700 μόνον
1795 2652 1872 2692 καὶ
1901 2649 2105 2706 πενήτων
2134 2649 2436 2708 προστασίας,
2468 2646 2583 2692 ἀλλὰ

510 2725 588 2766 καὶ
617 2724 911 2781 χειροτονιῶν
953 2722 1226 2773 δοκιμασίας
1266 2724 1341 2762 καὶ
1386 2721 1558 2779 μυρίων
1597 2722 1784 2779 ἑτέρωνε
1829 2723 1956 2775 ,,Νο11
1987 2724 2126 2764 solum
2156 2727 2303 2765 autem
2333 2723 2583 2766 saeculares

510 2799 805 2853 magistratus,
837 2797 915 2839 sed
946 2801 990 2838 et
1018 2797 1096 2848 illi,
1129 2798 1206 2850 qui
1236 2796 1435 2837 eeclesiis
1464 2799 1686 2850 praesunt,
1717 2808 1822 2837 suae
1851 2795 2152 2849 praefecturae
2181 2795 2372 2837 rationes
2402 2796 2582 2849 dabunt,

509 2875 554 2912 et
582 2871 817 2925 praecipue
856 2869 930 2910 isti
975 2872 1089 2919 sunt,
1131 2868 1206 2921 qui
1244 2868 1445 2918 maiores,
1487 2866 1734 2908 acerbiores
1765 2870 1808 2907 et
1838 2868 2062 2920 graviores
2092 2879 2257 2920 poenas
2288 2867 2580 2912 sustinebunt.

510 2942 594 2984 Cui
625 2943 740 2983 enim
770 2942 893 2983 verbi
933 2940 1252 2982 administratio
1291 2940 1523 2980 commissa
1566 2943 1645 2991 est,
1691 2938 1923 2992 diligenter
1951 2939 2014 2979 ibi
2045 2939 2376 2992 examinabitur,
2407 2953 2465 2981 an
2494 2952 2584 2981 non

509 3015 694 3069 segnitie
724 3018 801 3054 aut
834 3013 1001 3054 invidia
1029 3012 1197 3065 aliquid
1226 3012 1422 3052 omiserit
1451 3025 1614 3063 eorum,
1647 3023 1760 3065 quae
1781 3010 1967 3052 dicenda
1997 3015 2133 3065 erant,
2166 3016 2209 3053 et
2237 3025 2317 3066 per
2346 3024 2479 3066 opera
2507 3025 2586 3053 ex-

507 3086 712 3139 hibuerit,
745 3100 803 3126 an
833 3086 978 3127 omnia
1007 3084 1279 3138 explicuerit,
1309 3083 1505 3137 nihilque
1534 3084 1591 3124 ab
1622 3084 1698 3124 illo
1728 3084 1995 3124 occultatum
2024 3085 2094 3134 sit,
2127 3084 2244 3138 quod
2275 3084 2396 3126 dictu
2424 3097 2583 3138 operae

507 3159 694 3213 pretium
726 3162 860 3210 erat.„
897 3157 1009 3202 0011.
1033 3157 1155 3211 Orig.
1187 3156 1294 3211 περὶ
1325 3151 1527 3206 ὄφειλῶν,
1558 3155 1612 3196 de
1643 3156 1815 3207 debitis,
1845 3157 1893 3196 in
1914 3160 2025 3200 orat.
2048 3156 2210 3198 domin.
2241 3156 2360 3211 apud
2391 3154 2579 3197 Coteler.

508 3231 599 3274 ΡΡ.
630 3234 771 3284 apost.
802 3234 834 3273 t.
864 3230 926 3273 ΙΙ.
957 3243 1000 3282 p.
1030 3227 1133 3272 335.

684 3301 720 3356 2)
750 3302 863 3344 Vide
891 3301 923 3344 1.
956 3315 995 3344 c.
1028 3301 1222 3344 adnotat.
1246 3314 1341 3355 sup.

684 3373 720 3429 ⁸)
753 3374 863 3417 Can.
896 3387 995 3427 syn.
1028 3372 1216 3415 Timoth.
1265 3386 1362 3416 can.
1410 3371 1452 3414 2.
1493 3372 1523 3416 l.
1558 3387 1595 3417 6.
1638 3374 1735 3423 Quo
1765 3374 1928 3427 pariter
1957 3377 2159 3427 spectant
2187 3372 2270 3413 hae
2300 3384 2355 3413 ex
2384 3385 2581 3426 syrorum

510 3460 810 3489 nomocanone
841 3460 938 3500 cap.
969 3445 1071 3489 vn.
1102 3449 1209 3489 sect.
1240 3445 1319 3486 IX.
1350 3457 1422 3498 ap.
1453 3445 1545 3485 Mai
1577 3445 1607 3489 1.
1633 3451 1672 3489 c.
1690 3458 1784 3498 par.
1807 3445 1867 3490 ΙΙ.
1897 3458 1942 3498 p.
1973 3442 2045 3485 55.
2078 3444 2365 3485 directiones:
2398 3443 2580 3496 „omnis

509 3520 740 3574 episcopus
782 3520 830 3560 in
872 3519 1023 3573 primis
1068 3517 1328 3571 magistrum
1375 3518 1620 3570 constituat,
1667 3517 1745 3558 ubi
1790 3530 1879 3558 non
1916 3516 2054 3568 adest,
2086 3520 2130 3557 et
2158 3517 2334 3557 nomina
2363 3515 2582 3557 describat

508 3605 756 3646 puerorum,
789 3591 864 3645 qui
894 3589 950 3631 ad
971 3589 1214 3631 doctrinam
1234 3589 1520 3631 hauriendam
1542 3590 1634 3643 apti
1655 3593 1769 3642 sunt,
1793 3601 2031 3643 eorumque
2052 3589 2306 3642 parentibus
2326 3587 2579 3642 praecipiat,

508 3668 557 3705 ut
588 3664 686 3704 illos
717 3663 789 3704 vel
829 3663 988 3704 invitos
1028 3661 1084 3702 ad
1120 3661 1315 3703 scholam
1355 3661 1593 3706 adducant.
1641 3661 1807 3711 Quodsi
1846 3661 1941 3702 orbi
1985 3661 2160 3713 fuerint,
2204 3664 2281 3702 aut
2325 3660 2491 3712 inopes,
2521 3658 2578 3698 ab

510 3734 696 3776 eeclesia
724 3735 866 3775 victus
897 3735 960 3775 eis
1003 3733 1368 3775 subministretur.
1401 3732 1448 3774 Si
1478 3745 1584 3774 vero
1615 3731 1802 3774 ecclesia
1830 3731 1958 3786 inops
1978 3730 2122 3781 fuerit,
2152 3733 2408 3784 procurator
2437 3728 2578 3770 66616·

510 3807 600 3847 siae
633 3807 816 3860 singulis
858 3806 1013 3847 diebus
1061 3805 1293 3846 dominicis
1335 3805 1566 3847 collectam
1592 3817 1633 3855 *a
1661 3803 1864 3846 fidelibus
1893 3803 2028 3844 faciat
2056 3815 2135 3856 pro
2164 3814 2315 3843 eorum
2345 3801 2577 3844 alimentis.

510 3877 569 3927 Et
599 3878 861 3935 stipendium
892 3877 1091 3933 magistri
1119 3877 1279 3933 partim
1301 3876 1358 3926 ab
1380 3876 1568 3919 ecclesia
1586 3875 1744 3931 partim
1764 3887 1793 3917 a
1811 3873 2068 3930 parentibus
2087 3886 2321 3929 puerorum
2339 3872 2574 3928 solvatur.„
