2716 4446
977 159 1337 216 „97-

119 325 359 390 cionitaS,
384 321 805 386 ValentinianOS,
834 320 1146 372 Montenses
1166 320 1282 372 sive
1298 318 1595 390 Campitas:
1621 321 1757 373 scito
1784 334 1890 372 non
1917 318 2201 373 ecclesiam

121 418 336 484 Christi,
376 416 471 467 sed
500 413 796 466 antichristi
827 429 946 466 esse
975 430 1330 482 synagogam.
1381 414 1462 467 Ex
1491 416 1597 467 hoc
1622 416 1758 467 enim
1788 415 1908 482 ipso
1933 413 2074 481 quod
2102 428 2200 481 po-

121 517 239 563 stea
263 508 485 562 instituti
507 511 644 572 sunt,
671 520 765 557 eos
791 523 850 559 se
881 523 1002 559 esse
1035 507 1284 574 indicant,
1316 523 1450 576 quos
1478 510 1687 561 futuros
1715 506 2015 577 Apostolus
2040 524 2203 576 prae-

120 604 396 658 nuntiavit.
469 600 583 653 Nec
621 599 723 651 sibi
763 600 1128 667 blandiantur,
1186 602 1230 653 si
1281 601 1349 654 de
1389 600 1785 671 Scripturarum
1836 600 2083 669 capitulis
2122 600 2203 651 vi-

122 700 314 752 dentur
353 696 453 749 sibi
489 692 757 746 affirmare
797 694 939 760 quod
979 694 1189 762 dicunt,
1229 712 1386 763 quum
1425 702 1478 751 et
1516 695 1761 748 diabolus
1799 695 1867 747 de
1906 693 2204 763 Scripturis

123 795 300 861 aliqua
339 791 408 844 sit
445 790 678 852 locutuS,
718 793 772 838 et
810 785 1124 856 Scripturae
1165 805 1269 842 non
1309 791 1359 841 in
1401 789 1632 857 legendo
1674 789 1988 855 consistant,
2027 787 2203 840 sedin

34 931 41 955 2
123 883 485 954 intelligendo.
558 878 815 948 Alioquin
856 881 900 932 si
938 881 1169 934 litteram
1211 884 1505 950 sequimur,
1544 898 1828 950 possumus
1860 888 1914 934 et
1942 897 2043 934 nos
2072 897 2205 948 quo-

125 997 226 1048 que
266 993 456 1032 novum
510 974 665 1026 nobis
707 972 906 1040 dogma
944 988 1294 1042 componere,
1347 982 1403 1027 ut
1456 991 1759 1028 asseramus
1812 976 1866 1027 in
1919 976 2206 1029 ecclesiam

124 1089 229 1126 non
268 1066 634 1185 recipiendOS,
675 1067 763 1134 qui
803 1067 1028 1120 calceati
1067 1067 1172 1119 sint
1211 1076 1263 1120 et
1301 1068 1436 1121 duas
1475 1069 1683 1121 tunicas
1722 1070 2009 1137 habeant„

231 1183 463 1292 Quibus
501 1219 860 1294 Hieronymus
912 1241 1027 1279 cum
1084 1226 1415 1279 Tertulliano
1469 1227 1691 1294 aliisque
1739 1226 1966 1279 vetustis
2028 1223 2089 1294 1)
2129 1228 2284 1303 utiEa
2322 1245 2406 1273 non
2452 1237 2518 1273 est

121 1293 421 1390 methodum
480 1321 724 1373 veritatis
779 1321 1150 1388 assequendae
1202 1318 1602 1390 Scripturarum
1658 1337 1885 1374 examen
1940 1321 2204 1374 excludit.

120 1422 319 1486 contra
351 1430 485 1467 vero
536 1411 601 1481 2)
642 1431 868 1467 examen
907 1416 1035 1468 facti
1093 1415 1333 1468 historici
1386 1415 1668 1484 proponit:
1722 1415 1963 1482 illudque
2022 1412 2086 1482 3J
2125 1415 2205 1466 in-

119 1504 441 1563 stituendum
492 1509 637 1562 circa
691 1508 1142 1577 apostolicitatem
1196 1526 1353 1577 quam
1407 1516 1606 1563 vocant
1664 1509 1964 1575 ecclesiae3
2024 1509 2101 1561 ita
2151 1514 2209 1561 ut

117 1602 184 1673 4]
232 1605 307 1657 ibi
357 1603 425 1656 sit
472 1594 673 1655 veritas
716 1600 938 1671 Christi,
992 1604 1083 1657 ubi
1122 1604 1322 1657 veritas
1366 1604 1700 1717 apostolicae
1740 1619 1910 1672 usque
1965 1602 2206 1657 durantis

118 1699 396 1767 ecclesiae.

2221 1290 2543 1335 scripturarum

2312 1341 2448 1378 lectio.

265 1848 381 1903 131.
413 1849 670 1903 Jamvero
709 1849 772 1903 ΙΙ
812 1850 1024 1903 nomine
1053 1852 1317 1906 ecclesiae
1355 1853 1692 1922 apostolicae
1730 1873 1829 1906 κατ
1867 1848 2059 1921 ἐξοχὴν
2097 1868 2205 1906 non
2222 1868 2286 1904 Ea
2314 1867 2571 1913 estaposto-

120 1944 278 1997 aliam
317 1946 384 1996 ab
423 1944 752 2025 Hieronymo
793 1930 950 2013 quam
988 1961 1263 2000 romanam
1311 1947 1559 2016 insigniri
1612 1948 1929 2015 ecclesiam,
1991 1953 2204 2001 constat

117 2037 416 2122 generatim
475 2056 544 2091 ex
597 2045 875 2108 comperta
912 2040 1053 2093 illius
1101 2042 1310 2094 ratione
1349 2042 1640 2110 sentiendi3
1696 2049 1800 2095 tum
1854 2043 1918 2094 iis
1971 2041 2205 2095 efficitur

122 2133 184 2204 1)
236 2151 375 2202 quae
429 2133 498 2186 de
548 2134 900 2187 alexandrina
968 2114 1199 2190 ecclesia
1256 2137 1399 2189 idem
1453 2136 1813 2205 Hieronymus
1869 2137 2051 2189 refert.
2146 2136 2206 2188 ln

119 2213 437 2297 origen-iana
476 2213 640 2282 causa
689 2229 996 2282 desciverat
1032 2229 1393 2300 Hieronymus
1440 2234 1507 2284 ab
1547 2231 1774 2284 Joannis
1829 2231 2205 2299 hierosolymi-

119 2325 229 2377 tani
282 2325 676 2393 communione,
728 2314 913 2394 utpote
953 2326 1040 2393 qui
1091 2326 1503 2394 origenistarum
1555 2327 1800 2379 columen
1847 2331 1994 2379 esset
2044 2331 2207 2394 atque

119 2419 299 2471 tutela.
375 2415 781 2471 Alexandrinus
840 2419 1150 2488 patriarcha
1202 2420 1534 2489 Theophilus
1589 2421 1781 2472 litteris
1828 2420 1896 2472 ad
1936 2420 2207 2487 Hierony-

119 2530 257 2566 mum
288 2513 439 2589 ¹datis
477 2513 650 2582 ipsum
693 2514 1123 2581 commonefecit,
1166 2516 1430 2568 ecclesiae
1462 2516 1666 2583 regulis
1700 2520 1913 2568 cautum
1954 2530 2100 2580 esse,
2139 2531 2207 2566 ne

121 2608 238 2675 quis
273 2625 302 2660 a
335 2608 558 2681 proprio
599 2608 859 2677 episcopo
902 2607 1187 2662 divor-‘tium
1239 2610 1459 2663 faceret.
1537 2609 1766 2663 Suarum
1819 2625 1939 2663 esse
1977 2611 2208 2678 partium

122 2702 329 2754 censuit
367 2687 556 2755 doctor
595 2702 853 2755 maximus
892 2704 1021 2755 satis
1050 2703 1349 2772 Theophilo
1390 2704 1602 2757 facere:
1642 2721 1828 2757 verum
1862 2700 1880 2734 ¹
1917 2704 2023 2756 hoc
2048 2720 2207 2756 unum

122 2796 381 2864 reposuit,
423 2797 574 2863 sequi
612 2812 671 2848 se
707 2795 1036 2864 „Romanam
1064 2797 1223 2850 fidem
1254 2799 1555 2867 apostolico
1584 2814 1679 2852 ore
1706 2799 2011 2866 laudatam,
2052 2799 2209 2867 cujus

123 2905 182 2941 se
239 2889 566 2958 participare
627 2889 980 2943 alexandrina
1037 2891 1302 2959 gloriatur
1354 2892 1633 2960 ecclesia„
1713 2891 1914 2955 Quibus
1967 2892 2209 2945 indicare

124 2983 318 3050 voluit,
358 2999 417 3035 se
451 2984 693 3050 quamvis
732 2990 1041 3052 separatum
1080 2985 1204 3038 fidei
1246 3003 1410 3040 causa
1449 2989 1516 3039 ab
1555 2987 2035 3055 hierosolymitano
2063 2987 2209 3055 epis-

125 3092 291 3145 cop0,
339 3077 538 3130 unitum
577 3083 756 3131 tamen
794 3094 914 3131 esse
969 3079 1097 3132 fidei
1144 3096 1424 3147 romanae,
1479 3082 1633 3151 cujus
1685 3083 1939 3134 unitatem
1987 3082 2210 3134 alexan-

127 3171 280 3224 drina
319 3172 549 3226 ecclesia
587 3174 1035 3243 depraedicabat,
1060 3175 1236 3242 idque
1269 3175 1520 3229 sufficere
1559 3180 1617 3228 ut
1655 3192 1714 3227 se
1742 3176 1859 3243 quis
1887 3174 2210 3228 catholicum

127 3270 442 3333 praestaret.
517 3264 764 3329 Efficitur
834 3265 898 3336 2)
953 3269 1018 3321 iis
1083 3286 1220 3337 quae
1288 3269 1550 3322 adversus
1612 3269 1861 3329 Rufinum
1928 3269 2208 3338 disputans

130 3359 494 3427 peremptoria
531 3361 730 3414 scribit.
806 3361 999 3415 Docuit
1030 3359 1052 3393 2
1088 3364 1356 3432 nimirum,
1405 3381 1562 3416 unum
1600 3363 1731 3416 illud
1769 3363 1970 3431 requiri
2005 3369 2059 3415 et
2097 3362 2210 3414 suf-

132 3452 321 3517 ficere,
370 3467 436 3506 eo
476 3454 619 3520 quod
656 3458 888 3524 genuina
924 3460 1052 3509 nota
1105 3458 1407 3510 catholicae
1461 3458 1725 3511 ecclesiae
1779 3458 1860 3510 sit.
1937 3457 2019 3509 Ita
2072 3456 2211 3508 enim

132 3541 375 3596 Rufinum
414 3547 756 3614 perstringit:
810 3548 1028 3617 „Fidem
1068 3566 1217 3602 suam
1258 3566 1415 3618 quam
1453 3552 1661 3604 vocat?
1714 3568 1902 3604 eamne
1958 3566 2063 3617 qua
2118 3565 2210 3615 rof

134 3653 286 3690 mana
325 3638 493 3706 pollet
530 3641 782 3707 ecclesia,
837 3658 904 3693 an
943 3643 1088 3695 illam
1127 3659 1263 3709 quae
1302 3643 1352 3694 in
1394 3643 1644 3712 Origenis
1684 3646 2042 3698 voluminibus
2069 3660 2210 3706 ,con-

255 3908 268 3935 ¹
299 3908 443 3965 Epist.
476 3910 544 3953 63.
576 3923 617 3953 n.
644 3913 693 3955 2.

252 3980 269 4008 ²
302 3982 415 4025 Adv.
447 3981 595 4028 Rufin.
629 3985 658 4027 l.
690 3986 720 4028 Ι.
755 3999 794 4028 n.
827 3986 864 4028 4.

2248 1921 2362 1956 lico·
2373 1927 2548 1956 romana

2336 1971 2453 2018 fides.
