2716 4446
1015 224 1101 254 ,-
1153 186 1259 250 165
1306 224 1380 233 --

164 332 268 392 boc
307 345 485 410 caput,
508 336 653 410 quod
691 338 971 407 ἀδιάφορον
1009 339 1190 392 necin
1222 357 1391 392 censu
1417 339 1689 392 revelatae
1728 337 2068 408 traditaeque
2108 331 2243 389 anti-

167 434 349 504 quitus
388 434 668 492 doctrinae
706 437 1027 506 reperiatur,
1089 454 1211 488 cum
1266 434 1610 505 Augustinus
1638 434 1679 505 1)
1738 432 2030 487 subiecerit
2065 431 2242 488 illieoz.

167 524 363 594 „Talis
393 527 597 597 siquis
637 527 705 580 ad
744 537 797 581 te
838 530 1024 582 veniat
1060 527 1254 600 plenus
1295 527 1562 582 catholica
1599 527 1755 597 fide„
1802 525 1960 594 Quod
2002 525 2244 598 profecto

162 638 231 672 ne
270 617 606 673 dubitaveris
647 621 813 674 efficit
851 621 1072 677 ductum

639 780 680 834 c)
711 780 1030 835 Argumentum
1061 796 1087 824 a
1119 784 1308 824 romanis
1340 780 1453 838 ipsis>
1477 784 1766 838 praesulibus,

336 923 456 977 182.
483 921 729 975 Eandem
770 941 1004 993 namque
1037 923 1338 977 doctrinam
1365 944 1429 978 ac
1456 925 1617 978 fidem
1658 932 2029 980 contestantur
2064 926 2244 993 etiam,

160 1015 479 1088 profitentur
517 1023 570 1069 et
609 1016 924 1087 praedicant
950 1018 1159 1069 romani
1186 1017 1292 1087 ipsi
1316 1018 1600 1088 pontifices
1629 1020 1671 1091 ¹²)
1701 1026 1754 1072 et
1781 1019 2000 1090 quidem
2030 1018 2245 1090 publice

161 1129 225 1164 ac
265 1110 589 1179 solemniter,
631 1129 811 1163 coram
851 1110 1050 1181 populo
1092 1130 1155 1164 ac
1182 1112 1239 1164 in
1265 1114 1575 1183 praesentia
1613 1113 1942 1183 praesulum,
1983 1132 2085 1166 nec
2126 1131 2245 1184 per-

161 1203 447 1273 functorie,
489 1205 584 1258 sed
622 1204 891 1257 industria
929 1204 1165 1275 dataque
1206 1223 1399 1275 opera:
1447 1205 1706 1276 illamque
1748 1207 1802 1259 in
1842 1206 2081 1259 medium
2123 1226 2244 1278 pro-

161 1306 315 1352 munt
351 1308 486 1352 non'
517 1306 576 1352 ut
609 1299 892 1370 ,placitum
952 1319 1124 1367 suum,
1186 1300 1282 1353 sed
1320 1302 1401 1354 uti
1438 1300 1830 1359 revelationem
1869 1301 2151 1354 divinam:
2192 1308 2247 1353 et

159 1411 279 1449 eam
317 1411 425 1446 non
482 1392 787 1462 obscuram,
820 1392 1122 1467 latentem,
1181 1393 1573 1462 absconditam,
1637 1395 1733 1448 sed
1790 1395 1941 1448 velut
1979 1402 2242 1466 apertam,

164 1484 519 1558 exploratam,
561 1495 865 1558 receptam:
914 1495 1027 1540 tum
1081 1487 1309 1540 eandem
1348 1496 1659 1559 proponunt
1716 1488 1851 1541 nihil
1893 1489 2241 1556 haesitanteS,

163 1564 266 1632 nec
289 1577 400 1632 ullo
426 1578 754 1633 reclamante
783 1599 885 1633 nec
912 1581 1316 1635 contradicente
1345 1595 1521 1653 neque
1552 1582 1716 1635 etiam
1739 1581 2132 1635 dubitationem
2154 1582 2241 1636 vel

163 1672 276 1727 ullo
305 1682 556 1727 movente
580 1673 729 1727 illam
751 1674 1104 1745 proclamant.
1127 1674 1296 1747 Atqui
1317 1675 1447 1728 talia
1466 1676 1764 1730 testimonii
1782 1676 2051 1745 adiuncta,
2076 1695 2247 1748 eaque

161 1775 403 1838 spectata
442 1785 565 1821 cum
604 1769 822 1821 testium
875 1769 1202 1838 conditione,
1263 1788 1371 1840 qua
1428 1777 1599 1823 semet
1654 1771 1803 1841 ipsos
1854 1771 1933 1824 uti
1978 1778 2246 1841 potestate

159 1863 587 1935 auctoritateque
626 1864 914 1934 insignitos
954 1863 1248 1932 declarant,
1308 1872 1419 1918 tum
1475 1865 1818 1918 considerata
1858 1864 2018 1918 simul
2064 1864 2245 1918 condi-

110 1943 123 1959 ‘⁴
159 1956 304 2009 tione
327 1975 539 2026 causae,
581 1976 718 2029 quae
759 1977 830 2011 ex
869 1977 926 2010 se
963 1966 1045 2011 est
1082 1959 1214 2011 iuris
1253 1958 1475 2029 publici,
1501 1966 1554 2011 et
1574 1959 1644 2012 ad
1662 1978 1777 2012 rem
1799 1958 1929 2012 aliis·
1945 1978 2243 2028 onerosam,

161 2057 222 2102 ut
258 2049 409 2121 loqui
447 2060 646 2120 amant,
706 2070 807 2104 nec
846 2051 1204 2106 favorabilem
1261 2053 1367 2105 nisi
1405 2055 1499 2106 uni
1539 2053 1697 2123 eique
1737 2054 1959 2106 testanti
1995 2053 2243 2123 pertinet,

163 2152 422 2205 evincunt
446 2145 690 2216 profecto
719 2146 864 2216 apud
892 2145 1123 2217 quodvis
1152 2146 1327 2200 forum
1367 2146 1498 2199 iuris
1538 2147 1903 2217 peremptorie
1941 2148 2242 2204 veritatem.

161 2245 318 2312 Quae
359 2242 579 2315 quidem
618 2241 819 2295 veritas
859 2242 915 2293 in
954 2240 1056 2294 hoc
1097 2260 1254 2294 casus
1296 2241 1612 2312 specimine,
1638 2240 2010 2309 consideratiS,
2051 2250 2110 2294 ut
2146 2260 2247 2313 par

161 2346 258 2408 est,
299 2357 480 2392 rerum
519 2337 726 2390 naturis
784 2336 1163 2407 rationumque
1202 2337 1510 2406 momentiS,
1550 2335 1660 2390 alia
1698 2355 1818 2391 esse
1858 2356 2019 2408 quam
2059 2336 2247 2390 divina

161 2434 365 2506 nequit.

335 2697 368 2752 ¹)
401 2697 571 2738 Ibidem
600 2696 750 2737 E—F.

334 2772 367 2827 ²)
400 2770 448 2813 Si
479 2771 576 2824 quis
607 2783 706 2812 cum
735 2769 954 2811 Febronio
986 2769 1194 2822 magistro
1215 2781 1434 2822 opponere
1464 2768 1644 2820 auderet
1675 2773 1827 2811 contra
1856 2767 1966 2811 haec
1997 2771 2243 2825 similiaque

157 2845 410 2900 pontificum
453 2844 572 2885 dicta
621 2847 666 2884 et
710 2842 969 2885 decretalia:
1020 2842 1255 2894 „Humana
1310 2846 1412 2882 sunt
1471 2843 1722 2896 testimonia
1770 2847 1812 2884 et
1861 2848 2086 2898 suspecta3
2140 2857 2242 2884 nam

159 2931 307 2960 eorum
339 2930 447 2958 voce
478 2929 705 2958 romanam
737 2915 969 2956 ecclesiam
1013 2914 1199 2965 extollis,
1243 2914 1318 2967 qui
1361 2914 1666 2968 praesiderant
1694 2915 1741 2956 in
1771 2924 1847 2957 ea:
1895 2928 2020 2955 suam
2050 2916 2243 2968 agebant

159 2974 350 3041 causam,
381 3003 428 3031 se
458 2988 654 3040 laudant,
687 3001 785 3028 cum
816 2987 963 3028 sedem
995 2987 1281 3040 apostolicam
1304 2986 1620 3040 magnificant„
1645 2987 1681 3028 is
1704 2988 1903 3028 consulat
1925 2989 2042 3032 card.
2065 2988 2243 3029 Aeneae

161 3064 287 3118 epist.
319 3062 538 3116 apologet.
570 3075 616 3114 p.
647 3060 729 3104 ΠΙ.
759 3074 831 3114 pp.
865 3057 964 3104 724.
997 3073 1093 3114 sqq.
1127 3061 1202 3114 qui
1232 3060 1487 3114 pontificum
1529 3060 1647 3101 dicta
1687 3065 1731 3101 et
1760 3057 2080 3101 rationibus'et
2110 3074 2240 3101 evan-

160 3136 372 3190 geliorum
402 3133 662 3174 testimoniis
695 3133 1007 3186 comprobavit.
1028 3132 1157 3185 „Sed,
1173 3134 1316 3191 inquit
1333 3131 1411 3176 SS.
1434 3132 1490 3178 D.
1513 3133 1567 3174 N.
1588 3134 1658 3175 Pii
1677 3134 1727 3174 P.
1754 3134 1829 3175 VI.
1845 3146 2039 3188 respons,
2059 3147 2096 3177 c.
2118 3133 2240 3175 VIII.

2262 429 2375 469 Caput
2401 428 2583 461 doetrinae

2319 473 2519 506 catholicae.

2273 2778 2382 2811 Febro
2388 2778 2500 2810 ηἰαηα
2512 2773 2518 2779 “
2534 2786 2590 2810 ex-

2375 2823 2495 2862 ceptio.

2341 3142 2431 3173 Pius
2460 3142 2521 3176 VI.

161 3220 248 3250 sec.
279 3206 360 3250 IX.
390 3220 430 3259 p.
466 3202 562 3247 196.
594 3205 846 3245 huiusmodi
874 3209 963 3246 tam
994 3210 1166 3246 veteres
1199 3219 1330 3259 quam
1361 3219 1499 3246 novos
1531 3206 1867 3247 calumniatores
1899 3204 2042 3246 valide
2072 3219 2240 3260 reptes·
2295 3223 2298 3226 ¹

161 3280 218 3321 sit
246 3278 504 3319 Bossuetius
536 3290 615 3318 seu
645 3277 896 3331 quicunque
926 3277 1040 3318 alius
1072 3279 1129 3318 sit
1158 3282 1311 3319 auctor
1342 3277 1608 3319 defensionis
1641 3283 1725 3322 etc.
1774 3279 1842 3335 his
1886 3278 2060 3323 verbist
2100 3278 2242 3319 Audio

163 3350 268 3405 quid
313 3349 483 3390 dicant:
529 3349 740 3390 Romanis
785 3343 1065 3403 pontificibus
1110 3350 1226 3391 sedis
1271 3351 1394 3391 suae'
1422 3351 1683 3405 dignitatem
1729 3350 2146 3404 commendantibus,
2197 3351 2244 3392 in

164 3421 342 3476 propria
369 3415 579 3461 videlicet
620 3433 766 3472 causa,
808 3434 896 3461 non
937 3421 1225 3465 credendum:
1268 3421 1356 3463 Sed
1385 3423 1522 3473 absit3
1555 3423 1652 3476 pari
1683 3424 1799 3464 enim
1828 3424 1923 3464 iure
1954 3423 2156 3475 dixerint,
2186 3437 2242 3464 ne

163 3493 379 3547 episcopis
411 3493 588 3546 quidem
618 3497 694 3534 aut
723 3493 991 3546 presbyteris
1024 3507 1120 3535 esse
1151 3494 1443 3535 adhibendam
1483 3494 1627 3546 fidem,
1674 3508 1775 3537 cum
1805 3494 2039 3536 sacerdotii
2067 3495 2136 3536 sui
2164 3495 2241 3536 ho-

116 3596 124 3600 .
164 3578 315 3606 norem
345 3565 613 3618 praedicant,
646 3565 765 3618 quod
795 3570 946 3607 contra
976 3570 1044 3606 est
1075 3598 1085 3608 .
1119 3597 1130 3610 .
1165 3598 1177 3611 .
1226 3566 1342 3620 quod
1389 3566 1564 3619 quidem
1610 3567 1681 3607 hic
1720 3567 1857 3608 semel
1888 3568 2034 3609 dicere
2063 3568 2241 3621 placuit,

164 3640 212 3678 ut
240 3637 516 3679 temerariam
546 3650 599 3678 ac
629 3639 863 3690 pessimam
894 3639 1222 3691 responsionem
1255 3638 1547 3689 confutarem3
1593 3639 1897 3692 profiteorque,
1935 3654 2011 3690 *me
2042 3641 2094 3681 de
2127 3641 2242 3681 sedis

2347 3286 2506 3318 Bossuet.

109 3751 111 3753 ,
163 3709 428 3764 apostolicae
473 3708 699 3750 maiestate
746 3722 1024 3750 romanorum
1069 3710 1324 3763 'pontificum
1371 3710 1593 3752 doctrinae
1624 3715 1668 3752 et
1698 3712 1922 3753 traditioni
1951 3712 2239 3753 crediturum:
2258 3721 2451 3753 Romanum
2480 3721 2523 3753 de
2538 3721 2604 3753 Ro-

165 3795 429 3836 quamquam
474 3795 624 3824 eorum
670 3781 819 3823 sedem
864 3783 953 3822 non
979 3771 1083 3835 'ipsi
1124 3783 1264 3836 magis
1310 3796 1440 3836 quam
1486 3783 1727 3838 reliquiae
1755 3788 1849 3826 tota
1879 3785 2078 3837 ecclesia,
2109 3789 2241 3839 atque

164 3854 398 3896 orientales
429 3854 547 3896 haud
578 3855 721 3895 minus
764 3868 896 3908 quam
943 3855 1236 3896 oecidentales
1281 3856 1579 3909 praedicant.„
1611 3857 1712 3900 Par.
1745 3857 1825 3898 ΙΙΙ.
1856 3857 1887 3901 l.
1921 3857 1974 3898 X.
2006 3870 2043 3898 e.
2077 3856 2119 3901 6.
2151 3858 2238 3899 vid.

164 3925 328 3969 doctor.
358 3926 594 3981 ingolstad.
643 3925 799 3982 colloq'.
836 3926 913 3968 IV.
955 3939 998 3980 p.
1031 3924 1100 3968 21.
1134 3927 1210 3981 qui
1248 3939 1494 3982 anonymus
1530 3929 1891 3972 constitutionem
1937 3929 2022 3971 Pii.
2053 3930 2132 3974 VI.
2166 3944 2240 3978 an,

159 3995 299 4042 1786.
326 3999 503 4055 egregie
534 3999 789 4043 vindicavit.
1573 4005 1578 4009 “

2283 3774 2338 3796 ma
2354 3766 2583 3798 testimonium

2371 3810 2478 3843 valet.
