<?xml version="1.0" encoding="UTF-8"?>
<!DOCTYPE html PUBLIC "-//W3C//DTD XHTML 1.0 Transitional//EN"
    "http://www.w3.org/TR/xhtml1/DTD/xhtml1-transitional.dtd">
<html xmlns="http://www.w3.org/1999/xhtml" xml:lang="en" lang="en">
 <head>
  <title>
</title>
<meta http-equiv="Content-Type" content="text/html;charset=utf-8" />
  <meta name='ocr-system' content='tesseract 3.04.00' />
  <meta name='ocr-capabilities' content='ocr_page ocr_carea ocr_par ocr_line ocrx_word'/>
</head>
<body>
  <div class='ocr_page' id='page_1' title='image "a607958700schruoft_0088.png"; bbox 0 0 2626 4432; ppageno 0'>
   <div class='ocr_carea' id='block_1_1' title="bbox 171 373 426 408">
    <p class='ocr_par' dir='ltr' id='par_1_1' title="bbox 171 373 426 408">
     <span class='ocr_line' id='line_1_1' title="bbox 171 373 426 408; baseline -0.004 0"><span class='ocrx_word' id='word_1_1' title='bbox 171 373 426 408; x_wconf 49' lang='lat' dir='ltr'>Ambrosium</span> 
     </span>
    </p>
   </div>
   <div class='ocr_carea' id='block_1_2' title="bbox 106 913 417 1000">
    <p class='ocr_par' dir='ltr' id='par_1_2' title="bbox 106 913 417 1000">
     <span class='ocr_line' id='line_1_2' title="bbox 106 913 417 958; baseline -0.006 -10"><span class='ocrx_word' id='word_1_2' title='bbox 106 914 293 948; x_wconf 71' lang='lat' dir='ltr'>Hilarius</span> <span class='ocrx_word' id='word_1_3' title='bbox 328 913 417 958; x_wconf 81' lang='lat' dir='ltr'>pic-</span> 
     </span>
     <span class='ocr_line' id='line_1_3' title="bbox 152 965 364 1000; baseline -0.009 0"><span class='ocrx_word' id='word_1_4' title='bbox 152 965 364 1000; x_wconf 74' lang='lat' dir='ltr'>laviensis.</span> 
     </span>
    </p>
   </div>
   <div class='ocr_carea' id='block_1_3' title="bbox 70 1729 413 1928">
    <p class='ocr_par' dir='ltr' id='par_1_3' title="bbox 70 1729 413 1876">
     <span class='ocr_line' id='line_1_4' title="bbox 219 1729 254 1765; baseline 0.057 -2"><span class='ocrx_word' id='word_1_5' title='bbox 219 1729 254 1765; x_wconf 81' lang='lat'>2.</span> 
     </span>
     <span class='ocr_line' id='line_1_5' title="bbox 70 1781 413 1824; baseline 0 -10"><span class='ocrx_word' id='word_1_6' title='bbox 70 1781 282 1814; x_wconf 79' lang='lat' dir='ltr'>Romanus</span> <span class='ocrx_word' id='word_1_7' title='bbox 303 1781 413 1824; x_wconf 80' lang='lat' dir='ltr'>epis-</span> 
     </span>
     <span class='ocr_line' id='line_1_6' title="bbox 70 1832 412 1876; baseline -0.003 -9"><span class='ocrx_word' id='word_1_8' title='bbox 70 1838 198 1876; x_wconf 79' lang='lat' dir='ltr'>copus</span> <span class='ocrx_word' id='word_1_9' title='bbox 234 1832 412 1866; x_wconf 70' lang='lat' dir='ltr'>unitatis</span> 
     </span>
    </p>

    <p class='ocr_par' dir='ltr' id='par_1_4' title="bbox 98 1884 361 1928">
     <span class='ocr_line' id='line_1_7' title="bbox 98 1884 361 1928; baseline 0.004 -11"><span class='ocrx_word' id='word_1_10' title='bbox 98 1884 361 1928; x_wconf 78' lang='lat' dir='ltr'>principium.</span> 
     </span>
    </p>
   </div>
   <div class='ocr_carea' id='block_1_4' title="bbox 94 1955 414 2052">
    <p class='ocr_par' dir='ltr' id='par_1_5' title="bbox 94 1955 414 2052">
     <span class='ocr_line' id='line_1_8' title="bbox 94 1955 414 1992; baseline 0.013 -3"><span class='ocrx_word' id='word_1_11' title='bbox 94 1955 306 1990; x_wconf 75' lang='lat' dir='ltr'><em>Ecclesiae</em></span> <span class='ocrx_word' id='word_1_12' title='bbox 343 1966 414 1992; x_wconf 84' lang='lat' dir='ltr'>ca-</span> 
     </span>
     <span class='ocr_line' id='line_1_9' title="bbox 206 2008 294 2052; baseline 0.023 -10"><span class='ocrx_word' id='word_1_13' title='bbox 206 2008 294 2052; x_wconf 82' lang='lat' dir='ltr'>put.</span> 
     </span>
    </p>
   </div>
   <div class='ocr_carea' id='block_1_5' title="bbox 249 2296 410 2332">
    <p class='ocr_par' dir='ltr' id='par_1_6' title="bbox 249 2296 410 2332">
     <span class='ocr_line' id='line_1_10' title="bbox 249 2296 410 2332; baseline 0.012 -3"><span class='ocrx_word' id='word_1_14' title='bbox 249 2296 326 2330; x_wconf 81' lang='lat' dir='ltr'>Leo</span> <span class='ocrx_word' id='word_1_15' title='bbox 353 2296 410 2332; x_wconf 86' lang='lat' dir='ltr'>M.</span> 
     </span>
    </p>
   </div>
   <div class='ocr_carea' id='block_1_6' title="bbox 1291 184 1651 243">
    <p class='ocr_par' dir='ltr' id='par_1_7' title="bbox 1291 184 1651 243">
     <span class='ocr_line' id='line_1_11' title="bbox 1291 184 1651 243; baseline -0.006 -17"><span class='ocrx_word' id='word_1_16' title='bbox 1291 219 1359 226; x_wconf 74' lang='lat'>--</span> <span class='ocrx_word' id='word_1_17' title='bbox 1435 184 1651 243; x_wconf 73' lang='lat'><strong>70,-</strong></span> 
     </span>
    </p>
   </div>
   <div class='ocr_carea' id='block_1_7' title="bbox 430 342 2521 1348">
    <p class='ocr_par' dir='ltr' id='par_1_8' title="bbox 430 342 2521 1348">
     <span class='ocr_line' id='line_1_12' title="bbox 586 342 2515 413; baseline -0.004 -10"><span class='ocrx_word' id='word_1_18' title='bbox 586 350 668 403; x_wconf 86' lang='lat'>92.</span> <span class='ocrx_word' id='word_1_19' title='bbox 717 349 916 401; x_wconf 90' lang='lat' dir='ltr'>Verum</span> <span class='ocrx_word' id='word_1_20' title='bbox 967 347 1083 413; x_wconf 89' lang='lat' dir='ltr'>quis</span> <span class='ocrx_word' id='word_1_21' title='bbox 1149 344 1423 397; x_wconf 87' lang='lat' dir='ltr'>domorum</span> <span class='ocrx_word' id='word_1_22' title='bbox 1475 342 1941 410; x_wconf 78' lang='lat' dir='ltr'>agricolarumque</span> <span class='ocrx_word' id='word_1_23' title='bbox 2001 342 2386 396; x_wconf 84' lang='lat' dir='ltr'><strong>multitudinem</strong></span> <span class='ocrx_word' id='word_1_24' title='bbox 2437 345 2515 398; x_wconf 81' lang='lat' dir='ltr'>ad·</span> 
     </span>
     <span class='ocr_line' id='line_1_13' title="bbox 443 434 2507 504; baseline -0.003 -7"><span class='ocrx_word' id='word_1_25' title='bbox 443 444 673 498; x_wconf 86' lang='lat' dir='ltr'>civitatis</span> <span class='ocrx_word' id='word_1_26' title='bbox 725 442 877 493; x_wconf 90' lang='lat' dir='ltr'>unius</span> <span class='ocrx_word' id='word_1_27' title='bbox 925 440 1183 504; x_wconf 89' lang='lat' dir='ltr'>uniusque</span> <span class='ocrx_word' id='word_1_28' title='bbox 1235 436 1408 503; x_wconf 91' lang='lat' dir='ltr'>campi</span> <span class='ocrx_word' id='word_1_29' title='bbox 1458 434 1705 486; x_wconf 82' lang='lat' dir='ltr'>catholici</span> <span class='ocrx_word' id='word_1_30' title='bbox 1753 434 1976 486; x_wconf 83' lang='lat' dir='ltr'>formam</span> <span class='ocrx_word' id='word_1_31' title='bbox 2032 437 2310 488; x_wconf 65' lang='lat' dir='ltr'>revocat?</span> <span class='ocrx_word' id='word_1_32' title='bbox 2379 438 2507 501; x_wconf 76' lang='lat' dir='ltr'>Quis</span> 
     </span>
     <span class='ocr_line' id='line_1_14' title="bbox 437 523 2521 603; baseline -0.002 -14"><span class='ocrx_word' id='word_1_33' title='bbox 437 539 489 589; x_wconf 92' lang='lat' dir='ltr'>in</span> <span class='ocrx_word' id='word_1_34' title='bbox 543 539 794 603; x_wconf 88' lang='lat' dir='ltr'>„sanctae</span> <span class='ocrx_word' id='word_1_35' title='bbox 852 531 1117 585; x_wconf 90' lang='lat' dir='ltr'>ecclesiae</span> <span class='ocrx_word' id='word_1_36' title='bbox 1162 528 1588 595; x_wconf 83' lang='lat' dir='ltr'>congregatione</span> <span class='ocrx_word' id='word_1_37' title='bbox 1621 523 1640 557; x_wconf 81' lang='lat'>¹</span> <span class='ocrx_word' id='word_1_38' title='bbox 1703 544 1840 594; x_wconf 90' lang='lat' dir='ltr'>quae</span> <span class='ocrx_word' id='word_1_39' title='bbox 1885 529 1936 580; x_wconf 91' lang='lat' dir='ltr'>in</span> <span class='ocrx_word' id='word_1_40' title='bbox 1997 546 2154 582; x_wconf 89' lang='lat' dir='ltr'>unum</span> <span class='ocrx_word' id='word_1_41' title='bbox 2209 537 2521 584; x_wconf 88' lang='lat' dir='ltr'>connexum</span> 
     </span>
     <span class='ocr_line' id='line_1_15' title="bbox 437 619 2506 694; baseline -0 -15"><span class='ocrx_word' id='word_1_42' title='bbox 437 642 631 694; x_wconf 91' lang='lat' dir='ltr'>corpus</span> <span class='ocrx_word' id='word_1_43' title='bbox 670 631 829 691; x_wconf 89' lang='lat' dir='ltr'>atque</span> <span class='ocrx_word' id='word_1_44' title='bbox 869 627 1202 690; x_wconf 88' lang='lat' dir='ltr'>compactum</span> <span class='ocrx_word' id='word_1_45' title='bbox 1242 620 1443 671; x_wconf 85' lang='lat' dir='ltr'>unitate</span> <span class='ocrx_word' id='word_1_46' title='bbox 1484 619 1610 671; x_wconf 89' lang='lat' dir='ltr'>fidei</span> <span class='ocrx_word' id='word_1_47' title='bbox 1662 627 1716 672; x_wconf 91' lang='lat' dir='ltr'>et</span> <span class='ocrx_word' id='word_1_48' title='bbox 1755 623 1994 674; x_wconf 89' lang='lat' dir='ltr'>caritatis</span> <span class='ocrx_word' id='word_1_49' title='bbox 2035 625 2300 692; x_wconf 90' lang='lat' dir='ltr'>assurgit„</span> <span class='ocrx_word' id='word_1_50' title='bbox 2358 627 2506 694; x_wconf 88' lang='lat' dir='ltr'>capi-</span> 
     </span>
     <span class='ocr_line' id='line_1_16' title="bbox 436 713 2508 787; baseline -0 -15"><span class='ocrx_word' id='word_1_51' title='bbox 436 722 502 772; x_wconf 91' lang='lat' dir='ltr'>tis</span> <span class='ocrx_word' id='word_1_52' title='bbox 541 725 724 787; x_wconf 85' lang='lat' dir='ltr'>partes</span> <span class='ocrx_word' id='word_1_53' title='bbox 763 716 1099 783; x_wconf 82' lang='lat' dir='ltr'>exsequitur,</span> <span class='ocrx_word' id='word_1_54' title='bbox 1148 721 1308 780; x_wconf 90' lang='lat' dir='ltr'>atque</span> <span class='ocrx_word' id='word_1_55' title='bbox 1355 713 1665 781; x_wconf 79' lang='lat' dir='ltr'>multiplicia</span> <span class='ocrx_word' id='word_1_56' title='bbox 1705 715 1951 783; x_wconf 89' lang='lat' dir='ltr'>corporis</span> <span class='ocrx_word' id='word_1_57' title='bbox 1992 719 2229 770; x_wconf 89' lang='lat' dir='ltr'>membra</span> <span class='ocrx_word' id='word_1_58' title='bbox 2273 719 2508 772; x_wconf 87' lang='lat' dir='ltr'>continet</span> 
     </span>
     <span class='ocr_line' id='line_1_17' title="bbox 435 805 2506 881; baseline 0.001 -17"><span class='ocrx_word' id='word_1_59' title='bbox 435 813 742 864; x_wconf 88' lang='lat' dir='ltr'>moderatur</span> <span class='ocrx_word' id='word_1_60' title='bbox 780 816 834 861; x_wconf 92' lang='lat' dir='ltr'>et</span> <span class='ocrx_word' id='word_1_61' title='bbox 871 807 1053 875; x_wconf 65' lang='lat' dir='ltr'>regit?</span> <span class='ocrx_word' id='word_1_62' title='bbox 1094 805 1298 875; x_wconf 87' lang='lat' dir='ltr'>„Unum</span> <span class='ocrx_word' id='word_1_63' title='bbox 1338 807 1501 872; x_wconf 90' lang='lat' dir='ltr'>enim,</span> <span class='ocrx_word' id='word_1_64' title='bbox 1540 807 1614 859; x_wconf 89' lang='lat' dir='ltr'>ita</span> <span class='ocrx_word' id='word_1_65' title='bbox 1651 824 1767 861; x_wconf 91' lang='lat' dir='ltr'>cum</span> <span class='ocrx_word' id='word_1_66' title='bbox 1795 809 2088 878; x_wconf 90' lang='lat' dir='ltr'>majoribus</span> <span class='ocrx_word' id='word_1_67' title='bbox 2127 812 2368 876; x_wconf 89' lang='lat' dir='ltr'>omnibus</span> <span class='ocrx_word' id='word_1_68' title='bbox 2391 814 2506 881; x_wconf 89' lang='lat' dir='ltr'>pic-</span> 
     </span>
     <span class='ocr_line' id='line_1_18' title="bbox 433 900 2506 974; baseline 0.001 -17"><span class='ocrx_word' id='word_1_69' title='bbox 433 905 685 957; x_wconf 86' lang='lat' dir='ltr'>taviensis</span> <span class='ocrx_word' id='word_1_70' title='bbox 717 901 739 934; x_wconf 80' lang='lat'>²</span> <span class='ocrx_word' id='word_1_71' title='bbox 782 902 1040 967; x_wconf 84' lang='lat' dir='ltr'>HilariuS,</span> <span class='ocrx_word' id='word_1_72' title='bbox 1095 900 1325 953; x_wconf 86' lang='lat' dir='ltr'>ecclesia</span> <span class='ocrx_word' id='word_1_73' title='bbox 1373 915 1573 969; x_wconf 89' lang='lat' dir='ltr'>corpus</span> <span class='ocrx_word' id='word_1_74' title='bbox 1622 907 1731 964; x_wconf 88' lang='lat' dir='ltr'>est,</span> <span class='ocrx_word' id='word_1_75' title='bbox 1782 918 1888 955; x_wconf 90' lang='lat' dir='ltr'>non</span> <span class='ocrx_word' id='word_1_76' title='bbox 1939 903 2168 970; x_wconf 90' lang='lat' dir='ltr'>quadam</span> <span class='ocrx_word' id='word_1_77' title='bbox 2220 920 2506 974; x_wconf 90' lang='lat' dir='ltr'>corporum</span> 
     </span>
     <span class='ocr_line' id='line_1_19' title="bbox 432 979 2508 1072; baseline 0.001 -22"><span class='ocrx_word' id='word_1_78' title='bbox 432 998 740 1050; x_wconf 82' lang='lat' dir='ltr'>confusione</span> <span class='ocrx_word' id='word_1_79' title='bbox 780 996 1120 1063; x_wconf 89' lang='lat' dir='ltr'>permixtum,</span> <span class='ocrx_word' id='word_1_80' title='bbox 1174 1009 1347 1072; x_wconf 83' lang='lat' dir='ltr'>neque</span> <span class='ocrx_word' id='word_1_81' title='bbox 1397 994 1622 1061; x_wconf 88' lang='lat' dir='ltr'>singulis</span> <span class='ocrx_word' id='word_1_82' title='bbox 1670 996 1723 1046; x_wconf 90' lang='lat' dir='ltr'>in</span> <span class='ocrx_word' id='word_1_83' title='bbox 1772 992 2131 1049; x_wconf 86' lang='lat' dir='ltr'>indiscretum¹</span> <span class='ocrx_word' id='word_1_84' title='bbox 2165 979 2508 1052; x_wconf 78' lang='lat' dir='ltr'>acervumet</span> 
     </span>
     <span class='ocr_line' id='line_1_20' title="bbox 430 1087 2506 1160; baseline 0 -16"><span class='ocrx_word' id='word_1_85' title='bbox 430 1091 702 1144; x_wconf 81' lang='lat' dir='ltr'>informem</span> <span class='ocrx_word' id='word_1_86' title='bbox 745 1090 1004 1142; x_wconf 89' lang='lat' dir='ltr'>cumulum</span> <span class='ocrx_word' id='word_1_87' title='bbox 1044 1087 1315 1154; x_wconf 82' lang='lat' dir='ltr'>adunatiS,</span> <span class='ocrx_word' id='word_1_88' title='bbox 1371 1087 1467 1139; x_wconf 89' lang='lat' dir='ltr'>sed</span> <span class='ocrx_word' id='word_1_89' title='bbox 1493 1104 1593 1156; x_wconf 89' lang='lat' dir='ltr'>per</span> <span class='ocrx_word' id='word_1_90' title='bbox 1631 1087 1758 1160; x_wconf 85' lang='lat' dir='ltr'>fidei</span> <span class='ocrx_word' id='word_1_91' title='bbox 1795 1090 2077 1158; x_wconf 88' lang='lat' dir='ltr'>unitatem,</span> <span class='ocrx_word' id='word_1_92' title='bbox 2126 1108 2226 1160; x_wconf 91' lang='lat' dir='ltr'>per</span> <span class='ocrx_word' id='word_1_93' title='bbox 2264 1093 2506 1146; x_wconf 86' lang='lat' dir='ltr'>caritatis</span> 
     </span>
     <span class='ocr_line' id='line_1_21' title="bbox 430 1180 2506 1252; baseline 0.002 -17"><span class='ocrx_word' id='word_1_94' title='bbox 430 1186 770 1248; x_wconf 83' lang='lat' dir='ltr'>societatem,</span> <span class='ocrx_word' id='word_1_95' title='bbox 810 1199 908 1250; x_wconf 91' lang='lat' dir='ltr'>per</span> <span class='ocrx_word' id='word_1_96' title='bbox 947 1197 1169 1250; x_wconf 88' lang='lat' dir='ltr'>operum</span> <span class='ocrx_word' id='word_1_97' title='bbox 1208 1180 1607 1248; x_wconf 86' lang='lat' dir='ltr'>voluntatisque</span> <span class='ocrx_word' id='word_1_98' title='bbox 1641 1181 2009 1248; x_wconf 80' lang='lat' dir='ltr'>concordiam,</span> <span class='ocrx_word' id='word_1_99' title='bbox 2042 1200 2142 1252; x_wconf 90' lang='lat' dir='ltr'>per</span> <span class='ocrx_word' id='word_1_100' title='bbox 2179 1187 2506 1249; x_wconf 77' lang='lat' dir='ltr'>sacramenti</span> 
     </span>
     <span class='ocr_line' id='line_1_22' title="bbox 432 1269 2505 1348; baseline 0.001 -19"><span class='ocrx_word' id='word_1_101' title='bbox 432 1295 586 1330; x_wconf 91' lang='lat' dir='ltr'>unum</span> <span class='ocrx_word' id='word_1_102' title='bbox 628 1279 677 1328; x_wconf 90' lang='lat' dir='ltr'>in</span> <span class='ocrx_word' id='word_1_103' title='bbox 719 1277 958 1329; x_wconf 91' lang='lat' dir='ltr'>omnibus</span> <span class='ocrx_word' id='word_1_104' title='bbox 998 1275 1218 1341; x_wconf 90' lang='lat' dir='ltr'>donum,</span> <span class='ocrx_word' id='word_1_105' title='bbox 1258 1291 1417 1327; x_wconf 91' lang='lat' dir='ltr'>unum</span> <span class='ocrx_word' id='word_1_106' title='bbox 1456 1289 1640 1327; x_wconf 91' lang='lat' dir='ltr'>omnes</span> <span class='ocrx_word' id='word_1_107' title='bbox 1679 1291 1908 1344; x_wconf 71' lang='lat' dir='ltr'>sumus„</span> <span class='ocrx_word' id='word_1_108' title='bbox 1986 1275 2100 1329; x_wconf 88' lang='lat' dir='ltr'>Sed</span> <span class='ocrx_word' id='word_1_109' title='bbox 2147 1269 2505 1348; x_wconf 44' lang='lat' dir='ltr'>ubi&#39;unitatis,</span> 
     </span>
    </p>
   </div>
   <div class='ocr_carea' id='block_1_8' title="bbox 429 1368 2586 1443">
    <p class='ocr_par' dir='ltr' id='par_1_9' title="bbox 429 1368 2586 1443">
     <span class='ocr_line' id='line_1_23' title="bbox 429 1368 2586 1443; baseline 0.003 -22"><span class='ocrx_word' id='word_1_110' title='bbox 429 1371 699 1423; x_wconf 89' lang='lat' dir='ltr'>societatis</span> <span class='ocrx_word' id='word_1_111' title='bbox 738 1369 1165 1436; x_wconf 89' lang='lat' dir='ltr'>concordiaeque</span> <span class='ocrx_word' id='word_1_112' title='bbox 1194 1368 1516 1436; x_wconf 89' lang='lat' dir='ltr'>praesidium</span> <span class='ocrx_word' id='word_1_113' title='bbox 1544 1383 1610 1421; x_wconf 90' lang='lat' dir='ltr'>ac</span> <span class='ocrx_word' id='word_1_114' title='bbox 1630 1370 1924 1436; x_wconf 88' lang='lat' dir='ltr'>vinculum,</span> <span class='ocrx_word' id='word_1_115' title='bbox 1963 1386 2070 1437; x_wconf 92' lang='lat' dir='ltr'>quo</span> <span class='ocrx_word' id='word_1_116' title='bbox 2103 1371 2333 1441; x_wconf 87' lang='lat' dir='ltr'>disjecta</span> <span class='ocrx_word' id='word_1_117' title='bbox 2372 1389 2504 1443; x_wconf 90' lang='lat' dir='ltr'>qua·</span> <span class='ocrx_word' id='word_1_118' title='bbox 2582 1376 2586 1380; x_wconf 83' lang='grc'><strong>’</strong></span> 
     </span>
    </p>
   </div>
   <div class='ocr_carea' id='block_1_9' title="bbox 427 1463 2504 1624">
    <p class='ocr_par' dir='ltr' id='par_1_10' title="bbox 427 1463 2504 1624">
     <span class='ocr_line' id='line_1_24' title="bbox 428 1463 2504 1532; baseline 0.002 -16"><span class='ocrx_word' id='word_1_119' title='bbox 428 1481 723 1531; x_wconf 84' lang='lat' dir='ltr'>quaversus</span> <span class='ocrx_word' id='word_1_120' title='bbox 767 1467 1001 1525; x_wconf 85' lang='lat' dir='ltr'>membra</span> <span class='ocrx_word' id='word_1_121' title='bbox 1041 1463 1447 1532; x_wconf 87' lang='lat' dir='ltr'>disjunctaeque</span> <span class='ocrx_word' id='word_1_122' title='bbox 1487 1480 1555 1515; x_wconf 89' lang='lat' dir='ltr'>ex</span> <span class='ocrx_word' id='word_1_123' title='bbox 1593 1479 1714 1516; x_wconf 89' lang='lat' dir='ltr'>sese</span> <span class='ocrx_word' id='word_1_124' title='bbox 1749 1471 1932 1532; x_wconf 86' lang='lat' dir='ltr'>partes</span> <span class='ocrx_word' id='word_1_125' title='bbox 1982 1466 2152 1519; x_wconf 86' lang='lat' dir='ltr'>vitata</span> <span class='ocrx_word' id='word_1_126' title='bbox 2191 1468 2504 1520; x_wconf 87' lang='lat' dir='ltr'>confusione</span> 
     </span>
     <span class='ocr_line' id='line_1_25' title="bbox 427 1556 2028 1624; baseline 0.001 -15"><span class='ocrx_word' id='word_1_127' title='bbox 427 1558 494 1610; x_wconf 89' lang='lat' dir='ltr'>ad</span> <span class='ocrx_word' id='word_1_128' title='bbox 535 1565 846 1611; x_wconf 87' lang='lat' dir='ltr'>concentum</span> <span class='ocrx_word' id='word_1_129' title='bbox 887 1557 1322 1624; x_wconf 87' lang='lat' dir='ltr'>harmoniamque</span> <span class='ocrx_word' id='word_1_130' title='bbox 1360 1556 1723 1624; x_wconf 64' lang='lat' dir='ltr'>rediguntur?</span> <span class='ocrx_word' id='word_1_131' title='bbox 2026 1559 2028 1561; x_wconf 72' lang='grc'>’</span> 
     </span>
    </p>
   </div>
   <div class='ocr_carea' id='block_1_10' title="bbox 427 1716 2580 3472">
    <p class='ocr_par' dir='ltr' id='par_1_11' title="bbox 427 1716 2580 3472">
     <span class='ocr_line' id='line_1_26' title="bbox 575 1716 2503 1788; baseline 0.001 -17"><span class='ocrx_word' id='word_1_132' title='bbox 575 1718 659 1771; x_wconf 86' lang='grc'>93.</span> <span class='ocrx_word' id='word_1_133' title='bbox 710 1718 829 1771; x_wconf 83' lang='grc' dir='ltr'>Νοη</span> <span class='ocrx_word' id='word_1_134' title='bbox 879 1718 1004 1771; x_wconf 90' lang='lat' dir='ltr'>alibi</span> <span class='ocrx_word' id='word_1_135' title='bbox 1063 1734 1236 1785; x_wconf 91' lang='lat' dir='ltr'>neque</span> <span class='ocrx_word' id='word_1_136' title='bbox 1287 1716 1500 1769; x_wconf 87' lang='lat' dir='ltr'>aliunde</span> <span class='ocrx_word' id='word_1_137' title='bbox 1558 1717 1652 1768; x_wconf 93' lang='lat' dir='ltr'>illa</span> <span class='ocrx_word' id='word_1_138' title='bbox 1712 1732 1943 1783; x_wconf 88' lang='lat' dir='ltr'>quaeras</span> <span class='ocrx_word' id='word_1_139' title='bbox 2001 1724 2055 1770; x_wconf 86' lang='lat' dir='ltr'>et</span> <span class='ocrx_word' id='word_1_140' title='bbox 2107 1724 2262 1787; x_wconf 89' lang='lat' dir='ltr'>petas</span> <span class='ocrx_word' id='word_1_141' title='bbox 2311 1720 2503 1788; x_wconf 87' lang='lat' dir='ltr'>omnia,</span> 
     </span>
     <span class='ocr_line' id='line_1_27' title="bbox 430 1812 2501 1883; baseline 0 -18"><span class='ocrx_word' id='word_1_142' title='bbox 430 1830 585 1880; x_wconf 89' lang='lat' dir='ltr'>quam</span> <span class='ocrx_word' id='word_1_143' title='bbox 629 1815 695 1866; x_wconf 91' lang='lat' dir='ltr'>ab</span> <span class='ocrx_word' id='word_1_144' title='bbox 755 1814 884 1865; x_wconf 89' lang='lat' dir='ltr'>urbe</span> <span class='ocrx_word' id='word_1_145' title='bbox 924 1812 1127 1863; x_wconf 89' lang='lat' dir='ltr'>Romae</span> <span class='ocrx_word' id='word_1_146' title='bbox 1185 1812 1435 1878; x_wconf 88' lang='lat' dir='ltr'>antiquae</span> <span class='ocrx_word' id='word_1_147' title='bbox 1478 1825 1840 1877; x_wconf 88' lang='lat' dir='ltr'>romanaeque</span> <span class='ocrx_word' id='word_1_148' title='bbox 1902 1812 2048 1864; x_wconf 88' lang='lat' dir='ltr'>urbis</span> <span class='ocrx_word' id='word_1_149' title='bbox 2105 1819 2350 1881; x_wconf 83' lang='lat' dir='ltr'>pastore,</span> <span class='ocrx_word' id='word_1_150' title='bbox 2414 1815 2501 1883; x_wconf 90' lang='lat' dir='ltr'>qui</span> 
     </span>
     <span class='ocr_line' id='line_1_28' title="bbox 429 1887 2503 1976; baseline 0.001 -19"><span class='ocrx_word' id='word_1_151' title='bbox 429 1907 685 1974; x_wconf 89' lang='lat' dir='ltr'>suffragio</span> <span class='ocrx_word' id='word_1_152' title='bbox 724 1906 982 1975; x_wconf 86' lang='lat' dir='ltr'>majorum</span> <span class='ocrx_word' id='word_1_153' title='bbox 1022 1906 1059 1958; x_wconf 92' lang='lat'>1.</span> <span class='ocrx_word' id='word_1_154' title='bbox 1100 1914 1181 1957; x_wconf 85' lang='lat' dir='ltr'>est</span> <span class='ocrx_word' id='word_1_155' title='bbox 1221 1905 1519 1971; x_wconf 89' lang='lat' dir='ltr'>diciturque</span> <span class='ocrx_word' id='word_1_156' title='bbox 1551 1904 1712 1956; x_wconf 90' lang='lat' dir='ltr'>totius</span> <span class='ocrx_word' id='word_1_157' title='bbox 1751 1906 2050 1958; x_wconf 86' lang='lat' dir='ltr'>catholicae</span> <span class='ocrx_word' id='word_1_158' title='bbox 2090 1907 2378 1976; x_wconf 83' lang='lat' dir='ltr'>societatiS,</span> <span class='ocrx_word' id='word_1_159' title='bbox 2418 1887 2503 1960; x_wconf 83' lang='lat' dir='ltr'>vi-</span> 
     </span>
     <span class='ocr_line' id='line_1_29' title="bbox 430 1998 2500 2068; baseline 0.002 -18"><span class='ocrx_word' id='word_1_160' title='bbox 430 2000 701 2066; x_wconf 91' lang='lat' dir='ltr'>sibilisque</span> <span class='ocrx_word' id='word_1_161' title='bbox 753 1999 888 2051; x_wconf 92' lang='lat' dir='ltr'>adeo</span> <span class='ocrx_word' id='word_1_162' title='bbox 944 2000 1187 2066; x_wconf 90' lang='lat' dir='ltr'>corporis</span> <span class='ocrx_word' id='word_1_163' title='bbox 1232 1999 1494 2052; x_wconf 87' lang='lat' dir='ltr'>ecclesiae</span> <span class='ocrx_word' id='word_1_164' title='bbox 1557 2005 1751 2066; x_wconf 91' lang='lat' dir='ltr'>caput,</span> <span class='ocrx_word' id='word_1_165' title='bbox 1814 1998 1883 2050; x_wconf 90' lang='lat' dir='ltr'>ad</span> <span class='ocrx_word' id='word_1_166' title='bbox 1937 1999 2083 2066; x_wconf 92' lang='lat' dir='ltr'>quod</span> <span class='ocrx_word' id='word_1_167' title='bbox 2136 2002 2226 2068; x_wconf 92' lang='lat' dir='ltr'>qui</span> <span class='ocrx_word' id='word_1_168' title='bbox 2279 2006 2402 2054; x_wconf 93' lang='lat' dir='ltr'>sunt</span> <span class='ocrx_word' id='word_1_169' title='bbox 2447 2003 2500 2054; x_wconf 90' lang='lat' dir='ltr'>in</span> 
     </span>
     <span class='ocr_line' id='line_1_30' title="bbox 429 2093 2502 2164; baseline 0.002 -20"><span class='ocrx_word' id='word_1_170' title='bbox 429 2094 657 2145; x_wconf 88' lang='lat' dir='ltr'>ecclesia</span> <span class='ocrx_word' id='word_1_171' title='bbox 695 2093 884 2159; x_wconf 86' lang='lat' dir='ltr'>reliqui</span> <span class='ocrx_word' id='word_1_172' title='bbox 924 2109 1133 2160; x_wconf 83' lang='lat' dir='ltr'>omneS‚</span> <span class='ocrx_word' id='word_1_173' title='bbox 1176 2094 1419 2160; x_wconf 87' lang='lat' dir='ltr'>quamvis</span> <span class='ocrx_word' id='word_1_174' title='bbox 1448 2108 1567 2146; x_wconf 39' lang='lat' dir='ltr'>*non</span> <span class='ocrx_word' id='word_1_175' title='bbox 1594 2093 1782 2146; x_wconf 89' lang='lat' dir='ltr'>eodem</span> <span class='ocrx_word' id='word_1_176' title='bbox 1824 2108 2008 2147; x_wconf 88' lang='lat' dir='ltr'>omnes</span> <span class='ocrx_word' id='word_1_177' title='bbox 2035 2094 2210 2162; x_wconf 84' lang='lat' dir='ltr'>gradu</span> <span class='ocrx_word' id='word_1_178' title='bbox 2235 2111 2300 2148; x_wconf 86' lang='lat' dir='ltr'>ac</span> <span class='ocrx_word' id='word_1_179' title='bbox 2324 2095 2502 2164; x_wconf 91' lang='lat' dir='ltr'>mod0,</span> 
     </span>
     <span class='ocr_line' id='line_1_31' title="bbox 429 2176 2514 2259; baseline 0.002 -22"><span class='ocrx_word' id='word_1_180' title='bbox 429 2193 692 2253; x_wconf 87' lang='lat' dir='ltr'>tamquam</span> <span class='ocrx_word' id='word_1_181' title='bbox 732 2188 1090 2256; x_wconf 89' lang='lat' dir='ltr'>dependentia</span> <span class='ocrx_word' id='word_1_182' title='bbox 1130 2190 1368 2240; x_wconf 87' lang='lat' dir='ltr'>membra</span> <span class='ocrx_word' id='word_1_183' title='bbox 1406 2187 1729 2259; x_wconf 87' lang='lat' dir='ltr'>referuntur.</span> <span class='ocrx_word' id='word_1_184' title='bbox 1806 2186 2043 2255; x_wconf 82' lang='lat' dir='ltr'>Egregie</span> <span class='ocrx_word' id='word_1_185' title='bbox 2082 2188 2150 2241; x_wconf 90' lang='lat' dir='ltr'>ad</span> <span class='ocrx_word' id='word_1_186' title='bbox 2207 2206 2318 2241; x_wconf 89' lang='lat' dir='ltr'>rem</span> <span class='ocrx_word' id='word_1_187' title='bbox 2350 2176 2514 2258; x_wconf 30' lang='lat' dir='ltr'>mag-⁷</span> 
     </span>
     <span class='ocr_line' id='line_1_32' title="bbox 428 2279 2502 2350; baseline 0.002 -19"><span class='ocrx_word' id='word_1_188' title='bbox 428 2297 524 2332; x_wconf 92' lang='lat' dir='ltr'>nus</span> <span class='ocrx_word' id='word_1_189' title='bbox 559 2279 675 2332; x_wconf 89' lang='lat' dir='ltr'>Leo</span> <span class='ocrx_word' id='word_1_190' title='bbox 706 2279 728 2311; x_wconf 84' lang='lat'><strong>3</strong></span> <span class='ocrx_word' id='word_1_191' title='bbox 767 2282 1103 2349; x_wconf 88' lang='lat' dir='ltr'>perscripsit:</span> <span class='ocrx_word' id='word_1_192' title='bbox 1148 2281 1331 2350; x_wconf 86' lang='lat' dir='ltr'>„Haec</span> <span class='ocrx_word' id='word_1_193' title='bbox 1369 2282 1662 2348; x_wconf 89' lang='lat' dir='ltr'>connexio,</span> <span class='ocrx_word' id='word_1_194' title='bbox 1702 2281 1915 2349; x_wconf 80' lang='lat' dir='ltr'>inquit,</span> <span class='ocrx_word' id='word_1_195' title='bbox 1937 2282 2098 2334; x_wconf 88' lang='lat' dir='ltr'>totius</span> <span class='ocrx_word' id='word_1_196' title='bbox 2124 2283 2340 2349; x_wconf 73' lang='lat' dir='ltr'>quidem·</span> <span class='ocrx_word' id='word_1_197' title='bbox 2375 2296 2502 2336; x_wconf 90' lang='lat' dir='ltr'>cor-</span> 
     </span>
     <span class='ocr_line' id='line_1_33' title="bbox 427 2374 2501 2443; baseline 0.003 -19"><span class='ocrx_word' id='word_1_198' title='bbox 427 2374 573 2442; x_wconf 89' lang='lat' dir='ltr'>poris</span> <span class='ocrx_word' id='word_1_199' title='bbox 613 2375 1002 2426; x_wconf 89' lang='lat' dir='ltr'>unanimitatem</span> <span class='ocrx_word' id='word_1_200' title='bbox 1043 2375 1292 2442; x_wconf 86' lang='lat' dir='ltr'>requirit,</span> <span class='ocrx_word' id='word_1_201' title='bbox 1348 2374 1444 2427; x_wconf 90' lang='lat' dir='ltr'>sed</span> <span class='ocrx_word' id='word_1_202' title='bbox 1483 2375 1777 2443; x_wconf 86' lang='lat' dir='ltr'>praecipue</span> <span class='ocrx_word' id='word_1_203' title='bbox 1825 2375 1994 2442; x_wconf 86' lang='lat' dir='ltr'>exigit</span> <span class='ocrx_word' id='word_1_204' title='bbox 2032 2376 2371 2429; x_wconf 88' lang='lat' dir='ltr'>concordiam</span> <span class='ocrx_word' id='word_1_205' title='bbox 2412 2393 2501 2431; x_wconf 88' lang='lat' dir='ltr'>sa-</span> 
     </span>
     <span class='ocr_line' id='line_1_34' title="bbox 430 2465 2522 2537; baseline 0.003 -18"><span class='ocrx_word' id='word_1_206' title='bbox 430 2468 719 2535; x_wconf 87' lang='lat' dir='ltr'>cerdotum,</span> <span class='ocrx_word' id='word_1_207' title='bbox 750 2465 774 2499; x_wconf 77' lang='lat'>4</span> <span class='ocrx_word' id='word_1_208' title='bbox 821 2470 1007 2535; x_wconf 89' lang='lat' dir='ltr'>quibus</span> <span class='ocrx_word' id='word_1_209' title='bbox 1048 2485 1204 2536; x_wconf 90' lang='lat' dir='ltr'>quum</span> <span class='ocrx_word' id='word_1_210' title='bbox 1244 2468 1478 2537; x_wconf 89' lang='lat' dir='ltr'>dignitas</span> <span class='ocrx_word' id='word_1_211' title='bbox 1516 2471 1584 2522; x_wconf 87' lang='lat' dir='ltr'>sit</span> <span class='ocrx_word' id='word_1_212' title='bbox 1623 2472 1939 2537; x_wconf 80' lang='lat' dir='ltr'>communiS,</span> <span class='ocrx_word' id='word_1_213' title='bbox 1991 2486 2098 2523; x_wconf 92' lang='lat' dir='ltr'>non</span> <span class='ocrx_word' id='word_1_214' title='bbox 2151 2477 2232 2529; x_wconf 85' lang='lat' dir='ltr'>est</span> <span class='ocrx_word' id='word_1_215' title='bbox 2270 2479 2447 2529; x_wconf 88' lang='lat' dir='ltr'>tamen</span> <span class='ocrx_word' id='word_1_216' title='bbox 2478 2470 2522 2503; x_wconf 81' lang='lat'>⁵·</span> 
     </span>
     <span class='ocr_line' id='line_1_35' title="bbox 429 2561 2498 2633; baseline 0.002 -20"><span class='ocrx_word' id='word_1_217' title='bbox 429 2561 563 2613; x_wconf 89' lang='lat' dir='ltr'>ordo</span> <span class='ocrx_word' id='word_1_218' title='bbox 599 2562 895 2628; x_wconf 85' lang='lat' dir='ltr'>generalis:</span> <span class='ocrx_word' id='word_1_219' title='bbox 942 2564 1189 2629; x_wconf 85' lang='lat' dir='ltr'>quoniam</span> <span class='ocrx_word' id='word_1_220' title='bbox 1228 2570 1282 2615; x_wconf 88' lang='lat' dir='ltr'>et</span> <span class='ocrx_word' id='word_1_221' title='bbox 1332 2563 1473 2615; x_wconf 89' lang='lat' dir='ltr'>inter</span> <span class='ocrx_word' id='word_1_222' title='bbox 1509 2564 1846 2616; x_wconf 88' lang='lat' dir='ltr'>beatissimos</span> <span class='ocrx_word' id='word_1_223' title='bbox 1884 2561 2189 2633; x_wconf 85' lang='lat' dir='ltr'>Apostolos·</span> <span class='ocrx_word' id='word_1_224' title='bbox 2224 2565 2275 2616; x_wconf 91' lang='lat' dir='ltr'>in</span> <span class='ocrx_word' id='word_1_225' title='bbox 2316 2566 2498 2617; x_wconf 88' lang='lat' dir='ltr'>simili-</span> 
     </span>
     <span class='ocr_line' id='line_1_36' title="bbox 428 2643 2500 2725; baseline 0.002 -19"><span class='ocrx_word' id='word_1_226' title='bbox 428 2655 610 2707; x_wconf 89' lang='lat' dir='ltr'>tudine</span> <span class='ocrx_word' id='word_1_227' title='bbox 649 2656 868 2708; x_wconf 89' lang='lat' dir='ltr'>honoris</span> <span class='ocrx_word' id='word_1_228' title='bbox 907 2657 1004 2709; x_wconf 87' lang='lat' dir='ltr'>fuit</span> <span class='ocrx_word' id='word_1_229' title='bbox 1043 2656 1310 2724; x_wconf 88' lang='lat' dir='ltr'>quaedam</span> <span class='ocrx_word' id='word_1_230' title='bbox 1352 2656 1606 2709; x_wconf 87' lang='lat' dir='ltr'>discretio</span> <span class='ocrx_word' id='word_1_231' title='bbox 1632 2658 1944 2725; x_wconf 80' lang='lat' dir='ltr'>potestatiS,</span> <span class='ocrx_word' id='word_1_232' title='bbox 1983 2663 2038 2710; x_wconf 88' lang='lat' dir='ltr'>et</span> <span class='ocrx_word' id='word_1_233' title='bbox 2076 2674 2232 2724; x_wconf 92' lang='lat' dir='ltr'>quum</span> <span class='ocrx_word' id='word_1_234' title='bbox 2272 2643 2500 2711; x_wconf 83' lang='lat' dir='ltr'>omnium</span> 
     </span>
     <span class='ocr_line' id='line_1_37' title="bbox 428 2750 2497 2819; baseline 0.002 -20"><span class='ocrx_word' id='word_1_235' title='bbox 428 2765 528 2815; x_wconf 89' lang='lat' dir='ltr'>par</span> <span class='ocrx_word' id='word_1_236' title='bbox 565 2755 709 2801; x_wconf 90' lang='lat' dir='ltr'>esset</span> <span class='ocrx_word' id='word_1_237' title='bbox 746 2750 959 2816; x_wconf 89' lang='lat' dir='ltr'>electi0,</span> <span class='ocrx_word' id='word_1_238' title='bbox 998 2752 1087 2803; x_wconf 92' lang='lat' dir='ltr'>uni</span> <span class='ocrx_word' id='word_1_239' title='bbox 1126 2757 1301 2803; x_wconf 87' lang='lat' dir='ltr'>tamen</span> <span class='ocrx_word' id='word_1_240' title='bbox 1342 2750 1518 2803; x_wconf 87' lang='lat' dir='ltr'>datum</span> <span class='ocrx_word' id='word_1_241' title='bbox 1561 2757 1671 2817; x_wconf 88' lang='lat' dir='ltr'>est,</span> <span class='ocrx_word' id='word_1_242' title='bbox 1718 2758 1775 2802; x_wconf 93' lang='lat' dir='ltr'>ut</span> <span class='ocrx_word' id='word_1_243' title='bbox 1825 2751 2054 2804; x_wconf 88' lang='lat' dir='ltr'>caeteris</span> <span class='ocrx_word' id='word_1_244' title='bbox 2092 2751 2497 2819; x_wconf 84' lang='lat' dir='ltr'>praeemineret.</span> 
     </span>
     <span class='ocr_line' id='line_1_38' title="bbox 429 2840 2498 2912; baseline 0.002 -21"><span class='ocrx_word' id='word_1_245' title='bbox 429 2840 507 2891; x_wconf 92' lang='lat' dir='ltr'>De</span> <span class='ocrx_word' id='word_1_246' title='bbox 547 2857 651 2908; x_wconf 90' lang='lat' dir='ltr'>qua</span> <span class='ocrx_word' id='word_1_247' title='bbox 689 2842 858 2895; x_wconf 87' lang='lat' dir='ltr'>forma</span> <span class='ocrx_word' id='word_1_248' title='bbox 897 2859 1108 2911; x_wconf 90' lang='lat' dir='ltr'>quoque</span> <span class='ocrx_word' id='word_1_249' title='bbox 1147 2844 1525 2912; x_wconf 89' lang='lat' dir='ltr'>episcoporum</span> <span class='ocrx_word' id='word_1_250' title='bbox 1575 2849 1659 2895; x_wconf 91' lang='lat' dir='ltr'>est</span> <span class='ocrx_word' id='word_1_251' title='bbox 1696 2848 1829 2896; x_wconf 70' lang='lat' dir='ltr'>orta*</span> <span class='ocrx_word' id='word_1_252' title='bbox 1854 2842 2154 2909; x_wconf 89' lang='lat' dir='ltr'>distincti0,</span> <span class='ocrx_word' id='word_1_253' title='bbox 2212 2848 2266 2894; x_wconf 90' lang='lat' dir='ltr'>et</span> <span class='ocrx_word' id='word_1_254' title='bbox 2303 2859 2498 2910; x_wconf 88' lang='lat' dir='ltr'>magna</span> 
     </span>
     <span class='ocr_line' id='line_1_39' title="bbox 430 2922 2580 3003; baseline 0.002 -20"><span class='ocrx_word' id='word_1_255' title='bbox 430 2933 763 2994; x_wconf 86' lang='lat' dir='ltr'>ordinatione</span> <span class='ocrx_word' id='word_1_256' title='bbox 801 2922 1071 3003; x_wconf 55' lang='lat' dir='ltr'>prorisum</span> <span class='ocrx_word' id='word_1_257' title='bbox 1111 2944 1218 3003; x_wconf 90' lang='lat' dir='ltr'>est,</span> <span class='ocrx_word' id='word_1_258' title='bbox 1275 2954 1342 2989; x_wconf 91' lang='lat' dir='ltr'>ne</span> <span class='ocrx_word' id='word_1_259' title='bbox 1390 2952 1574 2989; x_wconf 91' lang='lat' dir='ltr'>omnes</span> <span class='ocrx_word' id='word_1_260' title='bbox 1613 2937 1712 2990; x_wconf 89' lang='lat' dir='ltr'>sibi</span> <span class='ocrx_word' id='word_1_261' title='bbox 1764 2936 1941 2988; x_wconf 92' lang='lat' dir='ltr'>omnia</span> <span class='ocrx_word' id='word_1_262' title='bbox 1978 2935 2339 3001; x_wconf 88' lang='lat' dir='ltr'>vindicarent,</span> <span class='ocrx_word' id='word_1_263' title='bbox 2399 2934 2499 2988; x_wconf 88' lang='lat' dir='ltr'>sed</span> <span class='ocrx_word' id='word_1_264' title='bbox 2577 2971 2580 2972; x_wconf 25' lang='grc' dir='ltr'><em>ν</em></span> 
     </span>
     <span class='ocr_line' id='line_1_40' title="bbox 430 3027 2497 3102; baseline 0.002 -25"><span class='ocrx_word' id='word_1_265' title='bbox 430 3035 609 3079; x_wconf 87' lang='lat' dir='ltr'>essent</span> <span class='ocrx_word' id='word_1_266' title='bbox 644 3027 695 3078; x_wconf 92' lang='lat' dir='ltr'>in</span> <span class='ocrx_word' id='word_1_267' title='bbox 736 3029 958 3095; x_wconf 88' lang='lat' dir='ltr'>singulis</span> <span class='ocrx_word' id='word_1_268' title='bbox 994 3030 1284 3098; x_wconf 87' lang='lat' dir='ltr'>provinciis</span> <span class='ocrx_word' id='word_1_269' title='bbox 1325 3031 1541 3098; x_wconf 89' lang='lat' dir='ltr'>singuli,</span> <span class='ocrx_word' id='word_1_270' title='bbox 1597 3045 1818 3097; x_wconf 92' lang='lat' dir='ltr'>quorum</span> <span class='ocrx_word' id='word_1_271' title='bbox 1857 3030 1996 3080; x_wconf 90' lang='lat' dir='ltr'>inter</span> <span class='ocrx_word' id='word_1_272' title='bbox 2031 3029 2229 3080; x_wconf 84' lang='lat' dir='ltr'>fratres</span> <span class='ocrx_word' id='word_1_273' title='bbox 2268 3029 2497 3102; x_wconf 86' lang='lat' dir='ltr'>habere-</span> 
     </span>
     <span class='ocr_line' id='line_1_41' title="bbox 430 3121 2497 3196; baseline 0.002 -26"><span class='ocrx_word' id='word_1_274' title='bbox 430 3127 514 3171; x_wconf 90' lang='lat' dir='ltr'>tur</span> <span class='ocrx_word' id='word_1_275' title='bbox 551 3121 721 3188; x_wconf 88' lang='lat' dir='ltr'>prima</span> <span class='ocrx_word' id='word_1_276' title='bbox 759 3123 1043 3190; x_wconf 73' lang='lat' dir='ltr'>sententia,</span> <span class='ocrx_word' id='word_1_277' title='bbox 1102 3129 1156 3175; x_wconf 90' lang='lat' dir='ltr'>et</span> <span class='ocrx_word' id='word_1_278' title='bbox 1194 3139 1380 3176; x_wconf 89' lang='lat' dir='ltr'>rursus</span> <span class='ocrx_word' id='word_1_279' title='bbox 1419 3123 1633 3191; x_wconf 88' lang='lat' dir='ltr'>quidam</span> <span class='ocrx_word' id='word_1_280' title='bbox 1681 3124 1735 3174; x_wconf 92' lang='lat' dir='ltr'>in</span> <span class='ocrx_word' id='word_1_281' title='bbox 1774 3123 2068 3190; x_wconf 85' lang='lat' dir='ltr'>majoribus</span> <span class='ocrx_word' id='word_1_282' title='bbox 2110 3123 2329 3196; x_wconf 88' lang='lat' dir='ltr'>urbibus</span> <span class='ocrx_word' id='word_1_283' title='bbox 2368 3137 2497 3175; x_wconf 91' lang='lat' dir='ltr'>con-</span> 
     </span>
     <span class='ocr_line' id='line_1_42' title="bbox 431 3214 2497 3286; baseline 0.002 -22"><span class='ocrx_word' id='word_1_284' title='bbox 431 3214 595 3266; x_wconf 88' lang='lat' dir='ltr'>stituti</span> <span class='ocrx_word' id='word_1_285' title='bbox 633 3216 1038 3269; x_wconf 90' lang='lat' dir='ltr'>sollicitudinem</span> <span class='ocrx_word' id='word_1_286' title='bbox 1087 3218 1421 3286; x_wconf 90' lang='lat' dir='ltr'>susciperent</span> <span class='ocrx_word' id='word_1_287' title='bbox 1468 3218 1808 3286; x_wconf 90' lang='lat' dir='ltr'>ampliorem,</span> <span class='ocrx_word' id='word_1_288' title='bbox 1867 3233 1968 3285; x_wconf 92' lang='lat' dir='ltr'>per</span> <span class='ocrx_word' id='word_1_289' title='bbox 2020 3231 2154 3283; x_wconf 90' lang='lat' dir='ltr'>quos</span> <span class='ocrx_word' id='word_1_290' title='bbox 2209 3216 2281 3268; x_wconf 91' lang='lat' dir='ltr'>ad</span> <span class='ocrx_word' id='word_1_291' title='bbox 2340 3232 2497 3270; x_wconf 86' lang='lat' dir='ltr'>unam</span> 
     </span>
     <span class='ocr_line' id='line_1_43' title="bbox 429 3298 2495 3377; baseline 0.002 -19"><span class='ocrx_word' id='word_1_292' title='bbox 429 3306 575 3359; x_wconf 90' lang='lat' dir='ltr'>Petri</span> <span class='ocrx_word' id='word_1_293' title='bbox 607 3309 787 3361; x_wconf 90' lang='lat' dir='ltr'>sedem</span> <span class='ocrx_word' id='word_1_294' title='bbox 826 3310 1140 3363; x_wconf 88' lang='lat' dir='ltr'>universalis</span> <span class='ocrx_word' id='word_1_295' title='bbox 1178 3311 1440 3365; x_wconf 90' lang='lat' dir='ltr'>ecclesiae</span> <span class='ocrx_word' id='word_1_296' title='bbox 1481 3327 1611 3364; x_wconf 89' lang='lat' dir='ltr'>cura</span> <span class='ocrx_word' id='word_1_297' title='bbox 1650 3309 1968 3377; x_wconf 87' lang='lat' dir='ltr'>conflueret,</span> <span class='ocrx_word' id='word_1_298' title='bbox 2015 3298 2070 3361; x_wconf 87' lang='lat' dir='ltr'>et</span> <span class='ocrx_word' id='word_1_299' title='bbox 2106 3309 2235 3361; x_wconf 89' lang='lat' dir='ltr'>nihil</span> <span class='ocrx_word' id='word_1_300' title='bbox 2268 3324 2495 3376; x_wconf 84' lang='lat' dir='ltr'>usquam</span> 
     </span>
     <span class='ocr_line' id='line_1_44' title="bbox 429 3401 1178 3472; baseline 0.009 -21"><span class='ocrx_word' id='word_1_301' title='bbox 429 3415 462 3450; x_wconf 91' lang='lat' dir='ltr'>a</span> <span class='ocrx_word' id='word_1_302' title='bbox 499 3414 595 3453; x_wconf 90' lang='lat' dir='ltr'>suo</span> <span class='ocrx_word' id='word_1_303' title='bbox 633 3401 807 3470; x_wconf 89' lang='lat' dir='ltr'>capite</span> <span class='ocrx_word' id='word_1_304' title='bbox 846 3402 1178 3472; x_wconf 74' lang='lat' dir='ltr'>dissideret„</span> 
     </span>
    </p>
   </div>
   <div class='ocr_carea' id='block_1_11' title="bbox 429 3628 2492 3745">
    <p class='ocr_par' dir='ltr' id='par_1_12' title="bbox 429 3628 2492 3745">
     <span class='ocr_line' id='line_1_45' title="bbox 552 3628 2492 3675; baseline 0 -3"><span class='ocrx_word' id='word_1_305' title='bbox 552 3631 563 3657; x_wconf 88' lang='lat'>¹</span> <span class='ocrx_word' id='word_1_306' title='bbox 596 3629 809 3673; x_wconf 86' lang='lat' dir='ltr'>Ambros.</span> <span class='ocrx_word' id='word_1_307' title='bbox 851 3629 905 3673; x_wconf 89' lang='lat' dir='ltr'>de</span> <span class='ocrx_word' id='word_1_308' title='bbox 944 3628 1020 3674; x_wconf 88' lang='lat' dir='ltr'>off.</span> <span class='ocrx_word' id='word_1_309' title='bbox 1063 3631 1313 3675; x_wconf 89' lang='lat' dir='ltr'>ministror.</span> <span class='ocrx_word' id='word_1_310' title='bbox 1350 3631 1380 3675; x_wconf 89' lang='lat' dir='ltr'>l.</span> <span class='ocrx_word' id='word_1_311' title='bbox 1411 3631 1482 3675; x_wconf 87' lang='lat'>111.</span> <span class='ocrx_word' id='word_1_312' title='bbox 1527 3644 1563 3675; x_wconf 90' lang='lat' dir='ltr'>c.</span> <span class='ocrx_word' id='word_1_313' title='bbox 1595 3634 1638 3675; x_wconf 91' lang='grc'>3.</span> <span class='ocrx_word' id='word_1_314' title='bbox 1671 3645 1712 3675; x_wconf 90' lang='lat' dir='ltr'>n.</span> <span class='ocrx_word' id='word_1_315' title='bbox 1747 3633 1814 3674; x_wconf 85' lang='lat'>19.</span> <span class='ocrx_word' id='word_1_316' title='bbox 1863 3630 1970 3674; x_wconf 90' lang='lat' dir='ltr'>coll.</span> <span class='ocrx_word' id='word_1_317' title='bbox 2012 3628 2404 3674; x_wconf 83' lang='lat' dir='ltr'>Pseudo-Hieron.</span> <span class='ocrx_word' id='word_1_318' title='bbox 2447 3628 2492 3672; x_wconf 89' lang='lat' dir='ltr'>in</span> 
     </span>
     <span class='ocr_line' id='line_1_46' title="bbox 429 3699 748 3745; baseline 0.013 -4"><span class='ocrx_word' id='word_1_319' title='bbox 429 3699 502 3742; x_wconf 91' lang='lat' dir='ltr'>Ps.</span> <span class='ocrx_word' id='word_1_320' title='bbox 532 3701 603 3744; x_wconf 79' lang='lat'>23.</span> <span class='ocrx_word' id='word_1_321' title='bbox 634 3714 677 3744; x_wconf 91' lang='lat' dir='ltr'>v.</span> <span class='ocrx_word' id='word_1_322' title='bbox 709 3702 748 3745; x_wconf 87' lang='lat'>6.</span> 
     </span>
    </p>
   </div>
   <div class='ocr_carea' id='block_1_12' title="bbox 547 3773 1084 3822">
    <p class='ocr_par' dir='ltr' id='par_1_13' title="bbox 547 3773 1084 3822">
     <span class='ocr_line' id='line_1_47' title="bbox 547 3773 1084 3822; baseline 0.009 -7"><span class='ocrx_word' id='word_1_323' title='bbox 547 3773 567 3800; x_wconf 88' lang='lat'><strong>²</strong></span> <span class='ocrx_word' id='word_1_324' title='bbox 596 3774 644 3816; x_wconf 87' lang='lat' dir='ltr'>In</span> <span class='ocrx_word' id='word_1_325' title='bbox 675 3775 748 3818; x_wconf 85' lang='lat' dir='ltr'>Ps.</span> <span class='ocrx_word' id='word_1_326' title='bbox 782 3774 936 3822; x_wconf 78' lang='lat' dir='ltr'>CXXI.</span> <span class='ocrx_word' id='word_1_327' title='bbox 969 3791 1011 3820; x_wconf 93' lang='lat' dir='ltr'>n.</span> <span class='ocrx_word' id='word_1_328' title='bbox 1043 3780 1084 3820; x_wconf 89' lang='lat'>5.</span> 
     </span>
    </p>
   </div>
   <div class='ocr_carea' id='block_1_13' title="bbox 547 3846 2434 4049">
    <p class='ocr_par' dir='ltr' id='par_1_14' title="bbox 547 3846 2434 4049">
     <span class='ocr_line' id='line_1_48' title="bbox 547 3846 1238 3903; baseline 0.007 -14"><span class='ocrx_word' id='word_1_329' title='bbox 547 3846 567 3874; x_wconf 77' lang='lat'>³</span> <span class='ocrx_word' id='word_1_330' title='bbox 595 3847 673 3903; x_wconf 89' lang='lat' dir='ltr'>Ep.</span> <span class='ocrx_word' id='word_1_331' title='bbox 706 3848 764 3891; x_wconf 91' lang='lat' dir='ltr'>ad</span> <span class='ocrx_word' id='word_1_332' title='bbox 795 3849 955 3893; x_wconf 88' lang='lat' dir='ltr'>Anast.</span> <span class='ocrx_word' id='word_1_333' title='bbox 984 3850 1238 3894; x_wconf 87' lang='lat' dir='ltr'>thessalon.</span> 
     </span>
     <span class='ocr_line' id='line_1_49' title="bbox 547 3918 2434 3981; baseline -0.001 -18"><span class='ocrx_word' id='word_1_334' title='bbox 547 3918 567 3947; x_wconf 68' lang='lat'>4</span> <span class='ocrx_word' id='word_1_335' title='bbox 598 3918 877 3964; x_wconf 82' lang='lat' dir='ltr'>Sacerdotes</span> <span class='ocrx_word' id='word_1_336' title='bbox 909 3920 1141 3978; x_wconf 87' lang='lat' dir='ltr'>significat</span> <span class='ocrx_word' id='word_1_337' title='bbox 1173 3922 1307 3978; x_wconf 83' lang='lat' dir='ltr'>primi</span> <span class='ocrx_word' id='word_1_338' title='bbox 1339 3922 1514 3966; x_wconf 82' lang='lat' dir='ltr'>ordinis</span> <span class='ocrx_word' id='word_1_339' title='bbox 1553 3922 1759 3981; x_wconf 85' lang='lat' dir='ltr'>adeoque</span> <span class='ocrx_word' id='word_1_340' title='bbox 1791 3921 2038 3977; x_wconf 86' lang='lat' dir='ltr'>episcopos</span> <span class='ocrx_word' id='word_1_341' title='bbox 2070 3919 2137 3963; x_wconf 89' lang='lat' dir='ltr'>uti</span> <span class='ocrx_word' id='word_1_342' title='bbox 2168 3919 2434 3963; x_wconf 89' lang='lat' dir='ltr'>monuimus.</span> 
     </span>
     <span class='ocr_line' id='line_1_50' title="bbox 550 3991 1547 4049; baseline 0.005 -16"><span class='ocrx_word' id='word_1_343' title='bbox 550 3991 567 4019; x_wconf 83' lang='lat'>⁵</span> <span class='ocrx_word' id='word_1_344' title='bbox 597 3991 722 4034; x_wconf 86' lang='lat' dir='ltr'>Haec</span> <span class='ocrx_word' id='word_1_345' title='bbox 754 3993 1044 4037; x_wconf 88' lang='lat' dir='ltr'>orientalium</span> <span class='ocrx_word' id='word_1_346' title='bbox 1076 3998 1237 4049; x_wconf 88' lang='lat' dir='ltr'>petunt</span> <span class='ocrx_word' id='word_1_347' title='bbox 1267 3995 1547 4039; x_wconf 86' lang='lat' dir='ltr'>scissionem.</span> 
     </span>
    </p>
   </div>
  </div>
 </body>
</html>
