2716 4446
708 1124 1525 1277 PROLOGUs

986 1361 1247 1368 *ᾑ-

249 1550 295 1602 1.
333 1550 483 1603 Iacto
524 1548 874 1602 fundamento
933 1546 1223 1617 ductisque
1264 1546 1534 1617 superiori
1584 1544 1724 1598 libro
1764 1544 2159 1616 principalibus
2175 1549 2522 1631 1²⁷·0P052'jffl0d2010‘·

0 1715 5 1719 .
43 1643 246 1712 lineis,
289 1643 487 1716 quibus
526 1645 764 1697 essentia
801 1661 866 1696 ac
903 1649 1114 1709 natura,
1157 1641 1369 1712 species
1421 1660 1485 1694 ac
1523 1641 1698 1694 forma
1736 1640 1976 1707 unitatiS,
2018 1659 2159 1712 quae

0 1727 2 1730 ’
70 1738 187 1791 iure
227 1745 280 1791 et
315 1739 508 1791 merito
550 1744 780 1791 vocatur
815 1755 1041 1789 romana
1055 1735 1114 1808 ¹),
1167 1735 1430 1804 innititur,
1489 1734 1832 1801 describitur,
1873 1733 2157 1789 definitur:

72 1852 302 1905 pronum
341 1839 437 1900 est,
468 1833 537 1886 ad
565 1830 1042 1903 contemplandam
1080 1831 1442 1902 propinquius
1469 1830 1731 1883 accedere
1758 1831 2000 1883 nativam
2040 1835 2156 1883 eius

71 1927 510 1998 explicationem,
549 1928 813 1980 rationem
855 1934 910 1979 et
948 1927 1092 1978 viam
1133 1944 1241 1997 qua
1282 1944 1338 1977 se
1378 1933 1562 1981 movet
1588 1943 1653 1977 ac
1680 1924 1910 1995 proficit,
1952 1943 2156 1995 organa

69 2039 169 2092 per
206 2014 343 2092 quae
382 2021 618 2091 genuine
660 2018 831 2074 semet
858 2021 1064 2073 exserit
1090 2027 1144 2073 et
1170 2028 1448 2090 operatur:
1476 2020 1652 2090 ipsam
1690 2020 1947 2072 nimirum
1984 2021 2155 2073 vitam

69 2115 186 2167 eius
227 2114 484 2168 socialem
523 2134 587 2168 ac
626 2114 798 2169 veluti
838 2116 1169 2186 organicam,
1224 2117 1370 2168 vires
1411 2115 1526 2167 eius
1567 2123 1622 2168 et
1658 2133 1873 2182 nerVOS,
1914 2122 2062 2167 artus
2102 2122 2156 2168 et

66 2208 327 2271 membra,
384 2210 664 2262 iuncturas
724 2217 778 2262 et
835 2209 1042 2279 nodos3
1096 2217 1233 2278 tum,
1270 2210 1432 2263 etiam
1487 2210 1800 2262 necessaria
1835 2211 1981 2263 vitae
2023 2229 2153 2263 suae

65 2303 358 2375 praesidia,
400 2311 455 2356 et
511 2305 864 2357 exsistentiae
924 2323 1054 2357 suae
1113 2303 1456 2358 conditiones
1512 2303 1799 2371 normales,
1859 2302 2058 2375 quibus
2095 2305 2154 2357 in

0 2432 3 2435 >
65 2405 215 2450 tanto
254 2405 561 2468 temporum
602 2399 858 2451 continuo
898 2398 1052 2451 fluxu
1078 2407 1338 2470 tantaque
1363 2397 1710 2452 mutabilium
1747 2417 1928 2452 rerum
1966 2400 2152 2452 incon-

67 2491 267 2545 stantia
306 2511 522 2563 semper
560 2491 665 2544 sibi
716 2493 838 2564 ipsa
891 2492 1084 2545 similis
1122 2501 1325 2561 manet,
1374 2494 1641 2547 inmutata
1691 2493 1952 2562 consistit,
2004 2492 2151 2547 illius

64 2586 352 2656 perspicue
406 2604 602 2657 corpus
652 2596 1086 2658 repraesentanS,
1142 2588 1236 2659 qui
1260 2587 1303 2659 ⁹)
1357 2596 1442 2641 est
1494 2587 1690 2657 „Jesus
1731 2586 1982 2641 Christus
2032 2587 2152 2641 heri

66 2687 120 2732 et
155 2679 346 2733 hodie:
386 2681 505 2752 ipse
546 2690 601 2735 et
636 2682 693 2735 in
735 2682 1021 2752 saecula„;
1074 2684 1168 2755 qui
1194 2683 1237 2754 ³)
1277 2690 1338 2736 ut
1379 2690 1496 2752 „est
1534 2692 1700 2754 caput
1737 2683 1912 2736 omnis
1950 2683 2150 2754 princi-

23 2797 30 2803 ·
63 2780 223 2844 patus
263 2776 703 2846 etrpotestatisffi
763 2777 841 2830 ita
879 2777 996 2830 eius
1056 2796 1319 2847 „regnum
1341 2777 1388 2850 4)
1446 2777 1757 2848 immobile„
1801 2787 1885 2832 est
1920 2797 2151 2849 regnum

64 2869 291 2938 gratiae,
330 2870 579 2922 veritatis
620 2878 675 2923 et
711 2871 967 2926 iustitiae.

51 2951 59 2963 ⁸
236 2962 286 3014 2.
326 2961 494 3015 Porro
533 2964 794 3017 universa
831 2963 954 3032 illa,
1010 2984 1150 3036 quae
1188 2965 1259 3019 ad
1298 2966 1470 3020 vitam
1506 2985 1765 3020 romanae
1803 2968 2027 3020 unitatis
2064 2985 2147 3020 re·
2185 2974 2487 3060 Rffiffrffzssiiffim

64 3054 311 3108 feruntur
348 3075 412 3109 ac
450 3057 675 3126 faciunt,
717 3077 780 3112 eo
821 3058 1078 3113 duximus
1116 3061 1310 3114 maiori
1361 3060 1648 3131 diligentia
1687 3069 1742 3114 et
1781 3060 2145 3115 sollicitudine
2497 3067 2502 3070 ’

63 3149 430 3220 perquirenda
480 3158 535 3204 et
586 3153 929 3223 exponenda,
983 3153 1128 3225 quod
1167 3154 1237 3208 ad
1278 3153 1667 3208 stabiliendum
1706 3155 2144 3226 propagandum-

60 3260 168 3312 ·que
207 3243 478 3296 mendacii
530 3254 584 3298 et
638 3247 941 3318 iniquita-tis
992 3267 1221 3318 regnum
1275 3249 1626 3302 adversarius
1650 3250 1694 3320 ⁵)
1735 3249 1845 3302 Dei
1883 3256 1938 3303 et
1972 3249 2143 3303 homi-

63 3355 194 3389 num
250 3336 421 3390 multo
480 3357 643 3410 quam
676 3343 756 3394 in
808 3341 1236 3414 contemplativa
1280 3342 1432 3396 illius
1471 3344 1744 3416 principia
1788 3344 2049 3398 directius
2086 3344 2145 3397 in

239 3585 277 3637 ¹)
310 3583 423 3628 Vide
453 3585 527 3627 lib.
561 3598 656 3639 sup.
689 3599 727 3629 c.
752 3587 796 3629 1.
828 3601 903 3630 nn.
936 3587 993 3630 11.
1026 3601 1124 3642 sqq.
1158 3602 1231 3643 pp.
1265 3587 1306 3632 4.
1338 3602 1433 3643 sqq.
1459 3595 1504 3632 et
1532 3590 1617 3632 hoc
1646 3591 1743 3645 ipso
1765 3592 1844 3635 lib.
1875 3593 2055 3646 passim.

239 3658 273 3712 2)
304 3659 442 3702 Hebr.
474 3658 598 3699 XIII.
631 3657 671 3702 8.
702 3653 872 3713 Ἰησοῦς·
900 3657 1106 3716 Χριστός·
1134 3660 1250 3710 χθὲς
1270 3660 1346 3702 καὶ
1368 3660 1560 3719 σήμερον
1593 3659 1620 3704 o‘
1651 3660 1803 3715 αὐτὸς,
1837 3664 1913 3704 καὶ
1945 3661 2007 3708 εἰς
2034 3660 2145 3708 τούς

65 3743 245 3775 αιωνας.

238 3802 273 3859 ⁸)
307 3802 478 3847 coloss,
509 3803 569 3844 II.
603 3801 671 3848 10.
692 3797 767 3846 ς’ος
798 3802 918 3844 ἐστιν
947 3799 974 3858 ἦ
1007 3801 1172 3858 κεφαλὴ
1202 3803 1351 3861 πάσης·
1380 3788 1528 3863 ἄρχῆζ
1557 3806 1634 3848 καὶ
1664 3806 1884 3853 ἐξουσίας.

237 3874 274 3927 .⁴)
305 3876 444 3920 Hebr,
468 3875 571 3919 XII.
594 3873 667 3920 28.
699 3872 785 3916 Διό
810 3875 1047 3927 βασιλείαν
1068 3872 1320 3920 ἀσάλευτον
1339 3877 1781 3937 παραλαμβάνοντες
1799 3882 1966 3931 ἔχωμεν
1987 3880 2142 3941 χάριν.

241 3943 275 4005 ⁶)
308 3946 376 3992 of.
407 3948 581 4004 prolog.
617 3948 692 3996 ad.
722 3949 798 3993 lib.
829 3962 926 4005 sup.
