2626 4432
1290 189 1354 194 ,-
1434 155 1508 211 68
1584 186 1649 192 ,,..

433 382 523 435 111.
581 383 954 448 Episcoporum
1017 377 1450 441 ecclesiarumque
1503 372 1905 438 particularium
1961 372 2187 423 omnium
2243 373 2420 425 unitas
2479 387 2507 425 e

902 484 1117 522 romano
1157 470 1395 534 episcopo
1433 479 1753 530 romanaque
1790 465 2018 516 ecclesia.

231 635 261 671 ι.
576 615 658 669 90.
696 616 953 668 Jamvero
991 628 1108 665 cum
1147 626 1251 662 una
1301 608 1367 659 sit
1419 607 1652 660 ecclesia
1692 606 1815 674 Dei,
1870 606 1945 658 uti
1983 621 2117 659 unus
2154 612 2237 659 est
2274 613 2329 660 et
2359 607 2503 661 Deus

75 687 415 781 53312'255’223221
430 717 483 762 et
521 707 766 761 Christus
805 722 967 772 unuS‚
1014 705 1148 756 haec
1189 715 1321 754 vero
1375 700 1550 753 unitas
1590 707 1694 752 tam
1730 700 1940 752 interna
1990 716 2146 767 quam
2186 707 2412 755 externa
2448 702 2503 753 in

76 789 173 823 ‘mm
197 788 573 856 etunuffl‘tanta
622 802 854 871 plebium
886 796 1235 851 multitudine
1292 812 1359 847 ex
1429 793 1630 845 unitate
1685 800 1960 862 pastorum
2016 793 2350 861 dependeat,
2412 793 2501 861 qui

427 896 648 963 singulis
688 894 932 948 ecclesiis
969 895 1225 960 praesunt
1277 895 1331 941 et
1377 887 1691 954 quibuscum
1741 887 1926 940 harum
1967 888 2210 956 singulae
2257 878 2502 956 quaeque

427 989 650 1041 nexibus
689 987 815 1040 fidei
853 994 1012 1054 atque
1051 984 1287 1037 caritatis
1327 983 1657 1036 cohaereant
1695 987 1936 1048 oportet:
1990 982 2263 1048 quaeritur
2303 981 2371 1034 de
2409 967 2500 1033 su-

425 1098 609 1150 premo
648 1082 874 1133 omnium
912 1079 1126 1132 unitatis
1166 1077 1460 1145 principio,
1519 1090 1641 1142 quo
1679 1075 1798 1143 ipsa
1852 1079 2064 1142 quoque
2102 1074 2368 1127 vinciatur
2406 1089 2500 1126 co·
2564 1066 2568 1074 ¹

424 1175 740 1242 puleturque
778 1179 1051 1241 pastorum
1089 1170 1397 1237 multitudO,
1435 1168 1573 1221 adeo
1613 1174 1670 1220 ut
1709 1185 1740 1219 e
1779 1166 2109 1220 credentium
2149 1167 2498 1220 universitate

426 1282 579 1317 unum
620 1266 973 1318 constituatur
1013 1280 1078 1316 ac
1115 1263 1345 1332 prodeat
1384 1262 1527 1315 ovile
1566 1266 1620 1314 et
1658 1276 1793 1313 unus
1829 1260 2142 1313 efformetur
2173 1262 2355 1329 grex?

131 1450 401 1495 Auyustmus.
565 1436 711 1490 Scite
763 1438 1141 1506 sapienterque
1190 1442 1370 1489 monet
1402 1432 1422 1467 1
1478 1434 1836 1503 Augustinus:
1905 1433 2094 1504 „Quod
2147 1436 2321 1489 unitas
2369 1452 2498 1490 con-

422 1531 597 1583 firmat
636 1546 839 1582 omnem
879 1529 1261 1583 multitudinem
1274 1547 1288 1596 3
1328 1536 1382 1581 et
1407 1529 1687 1582 multitudo
1715 1530 1813 1581 nisi
1844 1530 2043 1581 unitate
2067 1529 2278 1598 ligetur,
2317 1525 2531 1602 rixosa'

421 1632 474 1677 et
513 1625 744 1692 litigiosa
774 1621 795 1654 ²
842 1631 955 1691 est,
1011 1623 1290 1677 multitudo
1350 1631 1525 1676 autem
1573 1638 1797 1676 consors
1849 1638 2005 1674 unam
2058 1624 2283 1676 animam
2333 1618 2492 1689 facit:

420 1720 554 1771 sicut
594 1725 648 1770 et
686 1719 815 1786 ipsis
854 1719 959 1770 illis
1000 1719 1088 1786 qui
1128 1725 1457 1787 acceperunt
1495 1719 1752 1787 Spiritum
1802 1724 2068 1785 sanctum,
2118 1724 2175 1771 ut
2213 1717 2497 1789 Scriptura
2544 1713 2548 1717 ’

419 1812 560 1880 dicit,
591 1809 614 1843 3
653 1812 818 1881 „Erat
856 1813 1028 1865 anima
1066 1830 1172 1866 una
1210 1818 1265 1866 et
1303 1828 1398 1865 cor
1424 1829 1583 1866 unum
1619 1813 1674 1865 in
1699 1811 1916 1881 Deum„

560 2000 643 2055 91.
683 2000 836 2054 Unde
865 2017 998 2070 ergo
1026 2002 1252 2054 omnium
1277 2008 1550 2070 pastorum
1580 2018 1695 2055 cum
1724 2002 1833 2054 suis
1866 2003 2022 2070 agnis
2048 2003 2264 2056 unitatis
2284 2000 2308 2034 4
2339 2004 2494 2072 origo

418 2102 469 2148 et
496 2095 613 2148 fons
632 2096 660 2147 2
696 2094 848 2148 Unde
872 2102 1018 2148 tanta
1038 2097 1213 2149 unitas
1244 2103 1454 2163 tamque
1478 2097 1786 2165 conspicua,
1821 2113 1958 2164 quae
1984 2097 2054 2150 ad
2078 2097 2292 2150 divinae
2320 2097 2493 2150 Trini-

416 2190 539 2241 tatis
571 2188 873 2256 Christique
912 2189 1118 2242 Domini
1159 2190 1552 2243 similitudinem
1599 2205 1860 2259 expressa
1890 2187 1928 2257 ⁵,
1983 2192 2073 2243 vel
2111 2191 2180 2244 ad
2230 2192 2493 2244 humanae

416 2282 776 2350 hypostaseos
807 2284 1092 2351 imaginem
1142 2291 1335 2338 exacta
1386 2290 1702 2351 argumento
1751 2285 1820 2336 sit
1869 2283 2083 2337 divinae
2133 2286 2370 2339 auctoris
2410 2285 2493 2338 sui

148 2396 399 2433 Anastasius
415 2377 707 2443 missioniS,
762 2394 865 2445 qua
907 2379 1194 2445 „universa
1232 2377 1512 2430 multitudo
1549 2378 1785 2445 gentium
1813 2373 1835 2407 ⁶
1873 2394 2012 2445 quae
2052 2384 2176 2431 sunt
2212 2381 2311 2433 sub
2337 2379 2492 2432 coelo

183 2448 351 2486 maim·
415 2476 812 2539 congregentur
850 2472 901 2522 in
941 2472 1419 2539 congregationem
1459 2488 1617 2524 unam
1647 2471 1864 2525 divinae
1902 2471 2030 2524 fidei
2069 2478 2122 2525 et
2148 2472 2488 2540 ecclesiae—2„

534 2793 548 2818 ¹
581 2791 680 2835 Ser.
714 2793 897 2838 CLVIII.
933 2795 986 2838 de
1018 2800 1275 2852 pentecost.
1309 2811 1350 2840 n.
1382 2799 1423 2842 2.
1454 2809 1527 2853 ap.
1561 2796 1653 2841 Mai
1683 2797 1738 2841 N.
1772 2797 1861 2841 PP.
1894 2796 1992 2840 Bib.
2027 2799 2057 2840 t.
2090 2795 2121 2839 Ι.
2155 2810 2198 2853 p.
2230 2797 2329 2840 352.

533 2863 551 2890 ²
584 2864 771 2917 Quinam
804 2868 1066 2925 Augustino
1099 2870 1298 2927 litigiosi
1329 2869 1566 2926 rixosique
1613 2872 1705 2914 sint
1738 2870 1838 2927 ipse
1870 2869 2081 2913 declarat
2111 2868 2280 2913 ibidem
2310 2883 2353 2926 p.
2384 2870 2484 2912 407.

415 2947 449 2976 S.
482 2932 735 2980 CLXXXII.
778 2952 818 2981 n.
863 2941 898 2982 1.
977 2941 1170 2996 „Solent
1212 2942 1421 2986 homines
1457 2941 1652 2986 alterius
1701 2941 1945 3000 religionis
2001 2941 2233 2999 simplices
2282 2955 2490 2999 quosque

414 3006 673 3051 catholicos
705 3010 1005 3055 subtilissima
1038 3016 1085 3056 et
1115 3027 1208 3058 non
1229 3015 1442 3071 'simplici
1472 3015 1846 3076 interrogatione
1877 3028 2166 3074 provocare,
2206 3020 2258 3061 ut
2288 3029 2388 3060 cum
2419 3016 2488 3059 eis

413 3078 586 3135 aliquid
618 3080 671 3123 de
703 3082 941 3128 Trinitatis
973 3087 1198 3143 mysterio
1241 3087 1595 3146 colloquantur,
1642 3093 1963 3148 proponentes
2002 3090 2071 3134 eis
2111 3089 2487 3134 tortuosissimas

413 3152 748 3211 quaestiones„
942 3157 948 3161 ’
1648 3215 1653 3218 ,

529 3225 699 3279 Quibus
732 3241 938 3273 consona
970 3235 1076 3275 sunt
1107 3245 1224 3289 quae
1258 3234 1399 3280 habet
1425 3248 1537 3279 com.
1570 3235 1617 3277 in
1641 3248 1711 3292 ep.
1737 3234 1796 3279 ad
1819 3234 1904 3279 Tit.
1937 3246 1974 3278 c.
1999 3234 2070 3277 ΙΙΙ.
2102 3246 2146 3276 v.
2178 3234 2217 3277 9.
2250 3232 2481 3296 Hierony-

414 3310 511 3341 mus
543 3299 631 3343 col.
664 3301 762 3343 596.
792 3301 860 3345 ed.
891 3303 1030 3361 Mign.
1063 3309 1170 3349 tom.
1202 3307 1296 3351 VII.
1355 3308 1510 3367 „Satis
1553 3306 1755 3352 forsitan
1797 3308 1852 3350 de
1883 3306 2200 3351 Hebraeorum
2232 3305 2486 3364 supercilio

414 3373 462 3414 et
501 3371 604 3427 plus
647 3386 780 3430 quam
820 3389 1009 3420 necesse
1054 3376 1196 3423 fuerit
1238 3380 1509 3425 dixerimus:
1557 3381 1640 3425 sed
1672 3380 1860 3424 occasio
1892 3379 2027 3424 nobis
2069 3379 2178 3423 data
2210 3382 2283 3423 est
2314 3379 2370 3422 de
2401 3392 2485 3437 ge-

413 3443 644 3502 nealogiis
677 3450 724 3491 et
754 3449 1049 3493 contentione
1081 3464 1136 3494 ex
1167 3452 1308 3509 rixis,
1341 3467 1459 3510 quae
1491 3468 1548 3498 ex
1578 3454 1686 3511 lege
1727 3453 1940 3508 veniunt,
1975 3451 2246 3495 disserendi.
2307 3450 2487 3495 Dialec-

413 3515 493 3559 tici
516 3530 709 3573 quorum
739 3520 1020 3567 Aristoteles
1051 3525 1269 3583 princeps
1302 3531 1402 3582 est,
1445 3527 1600 3571 solent
1631 3526 2084 3584 argumentationum
2124 3525 2245 3569 retia
2277 3524 2483 3580 tendere,

413 3591 462 3631 et
491 3601 658 3647 vagam
689 3592 953 3638 rhetoricae
983 3595 1247 3641 libertatem
1278 3598 1325 3641 in
1357 3599 1740 3657 syllogismorum
1771 3598 1954 3655 spineta
1986 3597 2307 3654 concludere„

528 3662 546 3690 ³
574 3663 674 3707 Act.
705 3664 776 3708 IV.
807 3667 877 3709 32.

526 3733 546 3763 4
577 3735 680 3780 Joh.
710 3737 766 3782 X.
800 3738 868 3780 16.

529 3805 548 3834 ⁵
577 3806 682 3851 Joh.
713 3809 851 3854 XVII.
881 3812 939 3854 20
969 3826 1034 3869 sq.
1066 3814 1232 3870 Ephes.
1263 3816 1336 3860 IV.
1369 3818 1421 3859 13
1454 3831 1552 3873 sqq.

531 3878 549 3906 ⁶
579 3879 738 3924 Anast.
779 3882 929 3926 sinait.
972 3885 1017 3927 in
1060 3887 1263 3931 hexaiim.
1306 3889 1335 3931 l.
1368 3889 1438 3932 111.
1483 3890 1542 3933 ad
1585 3889 1751 3933 verba:
1817 3889 2172 3946 „Congregetur
2212 3900 2359 3944 aqua„
2409 3901 2481 3944 ap.

414 3947 550 4005 Mign.
584 3963 651 4006 gr.
683 3951 767 3996 PP.
802 3958 829 3997 t.
865 3957 933 3999 89.
966 3971 1041 4014 pp.
1074 3960 1160 4002 879
1193 3975 1289 4016 sqq.
