2626 4432
139 326 317 373 tarent
356 335 489 388 quos
526 320 882 388 deceperant:
923 335 1079 386 quain
1115 320 1358 373 fraudem
1388 319 1612 373 nudavit
1648 320 1915 374 ordinatio
1944 318 2224 373 Fortunat-i

141 431 296 482 quem
336 413 858 482 pseudoiSpiScopum
898 413 1385 482 carthaginiensem
1425 421 1691 468 crearunt.

283 578 553 633 Audiatur
610 578 941 649 Cyprianus:
985 577 1002 609 ¹
1080 579 1355 648 „Namque
1417 581 1454 631 ii
1511 581 1702 647 quibus
1767 581 1819 632 in
1876 579 2223 648 praeteritum

138 675 436 742 praestigia
485 674 914 728 obtendebantur
969 680 1023 725 et
1061 673 1327 727 dabantur
1381 677 1552 726 verba
1591 675 1833 742 fallacia,
1891 673 2034 741 quod
2072 673 2225 725 simul
2259 679 2264 683 ’

140 767 208 819 ad
247 768 528 832 ecclesiam
567 768 871 835 regressuri
910 766 1231 837 dicerentur,
1271 774 1623 834 posteaquam
1648 767 1901 820 viderunt
1926 767 2036 819 illic
2060 781 2225 835 pseu-

139 861 522 929 doepiscopum
562 860 786 926 factum,
827 860 1115 912 frustratos
1155 868 1208 912 et
1247 861 1508 929 deceptos
1549 879 1608 916 se
1646 844 1771 916 esse
1811 862 2131 930 didicerunt,
2172 866 2226 913 et

136 964 377 1014 remeant
415 956 651 1025 quotidie
690 963 848 1023 atque
889 956 957 1009 ad
997 956 1279 1009 ecclesiam
1319 958 1584 1025 pulsant„

278 1122 450 1175 Porro
489 1121 578 1188 qui
617 1127 858 1174 remeant
911 1127 1072 1188 atque
1126 1121 1195 1174 ad
1241 1121 1462 1189 januam
1505 1122 1749 1188 pulsant,
1804 1124 1960 1172 extra
2008 1119 2264 1181 domum,

123 1223 271 1269 sunt.
318 1209 495 1283 'Ergo
536 1221 690 1267 extra
728 1215 940 1268 domum
978 1215 1158 1267 itidem
1194 1221 1339 1282 sunt,
1379 1221 1432 1268 et
1469 1217 1537 1267 ab
1566 1214 1798 1267 ecclesia
1827 1219 2093 1280 extorreS,
2135 1213 2226 1280 qui

135 1328 166 1364 a
204 1310 427 1379 legitimi
452 1309 698 1378 pastoris
738 1309 1108 1362 communione
1146 1310 1420 1363 recedunt.

276 1469 361 1523 76.
401 1468 693 1522 Novatiani
732 1467 994 1520 adversus
1033 1466 1324 1534 legitimum
1365 1468 1653 1519 antistitem
1695 1465 2223 1537 Cornelium‚factio
2241 1489 2477 1525 Novatiana
2495 1487 2588 1532 fac.

134 1565 235 1619 sibi
275 1580 390 1618 cum
432 1564 593 1631 alios,
632 1569 740 1616 tum
781 1563 940 1615 etiam
976 1579 1045 1614 ex
1077 1561 1478 1614 confessoribus
1517 1577 1624 1613 non
1662 1575 1868 1630 paucos
1895 1560 2150 1613 devinxit.

277 1722 540 1775 Gravavit
587 1726 790 1777 tantum
830 1719 1036 1772 facinus
1077 1718 1406 1787 Cyprianum
1459 1725 1513 1771 et
1552 1721 1922 1789 contristavit,
1953 1719 1976 1754 2
2026 1737 2092 1774 ac
2141 1722 2222 1773 in-

129 1815 396 1881 tolerabili
434 1815 670 1884 perculsi
704 1798 763 1867 'et
801 1831 939 1882 pene
978 1814 1236 1882 prostrati
1288 1814 1524 1882 pectoris
1574 1816 1839 1868 moestitia
1889 1816 2222 1885 perstrinxit,

131 1910 275 1978 quod
309 1915 477 1962 semet
513 1910 616 1978 ipsi
658 1926 688 1961 a
729 1906 926 1961 Christi
965 1924 1169 1975 grege,
1211 1915 1264 1959 et
1303 1910 1370 1962 ab
1412 1908 1530 1976 ejus
1563 1926 1700 1978 pace
1728 1916 1888 1978 atque
1929 1910 2223 1979 conpcordia

131 1986 517 2073 separassent:
559 2001 702 2069 quod
756 2016 850 2054 eos
881 1999 903 2033 3
960 2000 1028 2053 de
1083 2016 1305 2054 carcere
1359 2001 1688 2069 prodeuntes
1742 2002 2114 2055 schismaticus
2168 2009 2222 2054 et

2368 1543 2442 1577 tio,

129 2097 436 2151 haereticus
489 2110 644 2148 error
693 2096 1012 2163 excepisset.
1087 2094 1372 2163 Vagantur
1420 2111 1556 2162 ergo
1609 2103 1764 2149 extra
1823 2097 1995 2164 ovile,
2049 2112 2223 2164 neque

131 2180 381 2243 domi'nici
418 2176 604 2256 gregis
644 2174 1047 2241 concluduntur
1068 2175 1269 2257 septiS,
1326 2189 1414 2256 qui
1463 2172 1715 2257 legitimis
1748 2170 2079 2259 'pastoribus
2116 2205 2223 2242 non

133 2285 440 2338 cohaerent.

240 2449 361 2502 77.
401 2447 556 2511 Quod
596 2464 712 2501 cum
752 2445 1116 2515 pervidissent
1154 2447 1359 2500 romani
1387 2447 1731 2501 confessores
1759 2446 2021 2517 Cypriani
2061 2466 2222 2518 prae-

132 2542 315 2596 sertim
347 2542 540 2595 litteris
591 2542 839 2610 excitati,
893 2543 1096 2595 illatum
1150 2543 1339 2595 unitati
1401 2543 1650 2596 damnum
1705 2543 1850 2597 felici
1904 2544 2079 2598 reditu
2135 2563 2222 2597 re-

131 2641 406 2706 pararunt.
482 2634 716 2702 Etenim,
775 2642 831 2687 ut
870 2635 1154 2689 Cornelius
1208 2638 1305 2690 ait:
1336 2634 1360 2667 4
1418 2637 1686 2705 „Cognito
1738 2653 1837 2691 suo
1878 2653 2090 2705 errore,
2155 2638 2224 2691 ad

132 2723 416 2783 ecclesiam
466 2729 608 2781 unde
659 2729 925 2796 exierant,
983 2730 1209 2798 simplici
1249 2731 1525 2783 voluntate
1563 2739 1876 2800 venerunt„
1953 2731 2224 2786 Habemus

131 2838 266 2890 ergo
321 2839 436 2876 cum
493 2821 770 2891 Cypriano
826 2830 1156 2876 asserentem
1196 2822 1532 2893 Cornelium,
1587 2831 1744 2878 extra
1800 2827 2222 2880 communionem

130 2903 354 2985 legitimi
390 2916 626 2985 pastoris
666 2917 852 2970 haberi
892 2918 1264 2971 conventicula
1302 2934 1494 2988 posse,
1549 2919 1834 2973 ecclesiam
1882 2934 1990 2973 non
2029 2935 2223 2990 posse3

131 3027 197 3065 ac
233 3010 460 3080 proinde
508 3027 934 3080 unumquemque
985 3013 1298 3082 episcopum
1352 3014 1405 3064 in
1463 3029 1560 3066 sua
1616 3014 1850 3067 ecclesia
1902 3014 2222 3084 principium

52 3156 56 3158 .
130 3120 252 3160 esse
289 3105 535 3172 unitatiS,
573 3105 730 3173 eique
763 3109 830 3160 ab
871 3107 1115 3160 omnibus
1155 3108 1522 3176 obtemperari
1563 3113 1834 3176 oportere.

2244 2485 2463 2529 Cornelius
2492 2488 2536 2523 P.

274 3271 503 3326 78.1mo
542 3274 799 3327 habemus
831 3279 885 3326 et
934 3288 1188 3327 romanos
1244 3274 1588 3328 confessores
1646 3274 1890 3343 ejusdem
1937 3275 2219 3329 doctrinae
2236 3305 2540 3342 Romanicon-

129 3363 395 3432 vindiceS,
450 3372 636 3435 utpote
675 3369 764 3435 qui
814 3383 966 3421 suum
998 3367 1316 3421 confitentes
1356 3384 1595 3422 errorem
1648 3384 1829 3422 coram
1870 3368 2125 3422 Cornelio
2165 3374 2220 3434 et
2287 3354 2492 3399 sessores.

131 3458 361 3526 quinque
413 3459 532 3513 aliis
583 3461 879 3530 episcopiS,
945 3465 999 3514 et
1054 3476 1277 3515 romano
1338 3463 1683 3532 presbyterio
1696 3502 1711 3532 ,
1763 3465 1989 3532 ipsaque
2040 3464 2218 3532 plebe,
2250 3476 2266 3490 ·

259 3748 272 3775 ¹
303 3747 448 3803 Epist.
480 3748 550 3790 55.

254 3818 271 3846 ²
302 3819 371 3862 lta
402 3819 520 3863 enim
553 3819 653 3876 ipse
689 3818 894 3875 loquitur
927 3819 1059 3875 epist.
1093 3822 1162 3862 lili.

255 3893 273 3920 3
302 3892 446 3949 Epist.
479 3894 550 3935 51.

247 3965 268 3994 4
298 3965 444 4022 Epist.
477 3966 549 4008 146.
