2716 4446
1359 134 1761 192 -192-

1101 314 1167 357 16.
1199 313 1317 358 Sola
1347 326 1540 357 romana
1570 311 1724 355 unitas
1757 307 2017 355 salutifera.

668 433 787 488 232.
827 431 1284 485 Corollarium
1321 431 1440 484 X11.
1495 430 1628 484 Sola
1665 446 1886 484 romana
1925 431 2101 484 unitas
2126 430 2362 499 genuina
2399 438 2483 484 est
2520 432 2603 484 in-

523 529 738 581 stitutae
776 526 1028 578 divinitus
1068 526 1332 578 ecclesiae
1373 525 1726 592 continuatiO,
1767 523 2014 592 adeoque
2053 541 2122 576 ex
2161 526 2402 578 omnibus
2437 524 2603 578 coeti-

526 625 627 674 bus
687 620 804 671 sola
832 616 853 650 1
907 635 1045 686 quae
1092 635 1226 670 vera
1279 618 1347 668 sit
1394 616 1596 668 Christi
1653 617 1898 670 ecclesia.
1974 615 2087 670 Sed
2135 616 2368 670 eeclesia
2405 616 2604 671 Christi

168 724 657 784 Maximam-vera
706 711 895 765 eadem
942 717 1026 763 est
1074 712 1191 764 sola
1230 711 1522 763 salutifera.
1602 710 1789 779 „Hanc
1827 711 1997 778 'igitur
2052 711 2250 778 solam,
2298 711 2374 763 ita
2425 710 2604 763 Maxi-

242 776 440 837 rinenszs.
525 823 638 860 mus
667 802 690 836 ²
729 805 1049 858 taurinensis
1087 805 1402 873 episcopuS,
1438 804 1702 857 ecclesiae
1739 820 1931 856 navem
1972 803 2217 857 ascendit
2242 803 2513 872 DominUS‚
2550 803 2606 856 in

523 917 628 968 qua
665 900 859 952 Petrus
886 897 1142 966 magister
1181 903 1264 949 est
1302 896 1620 950 constitutus
1660 896 1871 950 dicente
1901 893 1924 928 ³
1960 895 2211 949 Domino:
2251 894 2431 965 Super
2467 897 2607 950 hanc

522 999 729 1062 petram
764 990 1067 1045 aedificabo
1106 990 1389 1044 ecclesiam
1416 987 1619 1042 meam.
1698 989 1846 1053 Quae
1886 991 2040 1043 navis
2079 991 2131 1042 in
2187 992 2349 1044 altum
2404 991 2606 1045 saeculi

521 1087 682 1156 hujus
721 1087 797 1139 ita
815 1091 1010 1153 *natat‚
1067 1090 1124 1137 ut
1175 1090 1438 1153 pereunte
1492 1083 1690 1136 mundo
1747 1099 1931 1137 omnes
1977 1100 2111 1152 quos
2165 1085 2387 1154 suscipit
2425 1090 2609 1137 servet

523 1182 755 1234 illaesos
833 1178 1002 1248 Cujus
1042 1177 1271 1246 figuram
1304 1177 1417 1246 jam
1466 1179 1520 1230 in
1570 1178 1741 1229 veteri
1792 1177 2037 1230 videmus
2075 1185 2421 1231 testamento:
2472 1179 2608 1232 sicut

522 1276 660 1327 enim
698 1274 816 1327 Noe
855 1289 1011 1340 arca,
1062 1274 1417 1340 naufragante
1467 1271 1664 1324 mundo
1705 1278 1928 1325 cunctos
1969 1288 2103 1340 quos
2156 1278 2473 1342 susceperat
2523 1273 2606 1324 in-

523 1368 764 1422 columes
803 1367 1133 1434 reservavit3
1170 1367 1246 1419 ita
1283 1371 1337 1418 et
1374 1366 1523 1418 Petri
1561 1366 1797 1418 ecclesia
1837 1365 2210 1433 conflagrante
2237 1366 2456 1420 saeculo
2494 1381 2607 1419 om-

522 1478 617 1514 nes
656 1477 791 1530 quos
830 1461 1169 1531 amplectitur
1206 1460 1641 1529 repraesentabit
1688 1460 1936 1527 illaesos,
1990 1470 2044 1511 et
2094 1460 2231 1512 sicut
2267 1468 2393 1514 tunc
2429 1467 2606 1513 trans-

522 1562 643 1609 acto
683 1555 884 1608 diluvio
924 1554 993 1607 ad
1032 1571 1211 1608 arcam
1251 1553 1368 1606 Noe
1409 1554 1654 1622 columba
1697 1554 1906 1621 signum
1955 1548 2107 1622 pacis
2148 1551 2379 1622 detulit3'
2421 1554 2498 1606 ita
2550 1549 2607 1607 et

524 1655 797 1702 transacto
830 1647 1037 1718 judicio
1088 1648 1157 1700 ad
1207 1648 1491 1701 ecclesiam
1530 1647 1677 1700 Petri
1716 1646 1962 1699 Christus
2014 1647 2165 1715 pacis
2220 1647 2472 1721 gaudium
2509 1644 2604 1700 de-

523 1744 675 1811 fert„
754 1741 867 1795 Sed
904 1742 1104 1794 utinam
1142 1741 1520 1794 refloresceret
1561 1742 1719 1793 etiam
1758 1748 1882 1794 ante
1920 1743 2050 1796 illud
2082 1743 2345 1812 judicium
2370 1761 2484 1814 pax
2513 1732 2605 1798 'at-

525 1851 627 1903 que
666 1834 931 1888 ecclesiae
967 1834 1166 1886 unitas!
1232 1832 1343 1885 Sed
1384 1851 1645 1901 quaenam
1685 1851 1849 1889 causa
1892 1837 2225 1905 tempestatis
2264 1853 2328 1890 ac
2367 1837 2605 1890 turbae?

523 1928 836 1997 Respondet
863 1924 888 1958 4
924 1927 1063 1980 idem
1102 1928 1395 1980 Maximus:
1439 1927 1747 1997 „Haec'est
1785 1935 1960 1982 autem
2001 1946 2163 1984 causa
2189 1928 2450 1999 periculi:
2488 1936 2605 1984 erat

522 2025 596 2076 ibi
634 2022 818 2076 Simon
857 2023 1076 2091 PetruS,
1129 2023 1226 2075 sed
1277 2030 1394 2076 erat
1439 2024 1646 2092 pariter
1694 2029 1748 2074 et
1797 2022 2043 2091 proditor
2089 2021 2277 2075 JudaS.
2353 2022 2605 2085 Quamvis

523 2118 660 2170 enim
699 2118 839 2170 illius
873 2117 1009 2169 fides
1047 2117 1297 2170 fundaret
1320 2117 1648 2183 naviculam,
1686 2115 1844 2184 hujus
1870 2122 2049 2168 tamen
2077 2131 2195 2168 eam
2219 2115 2449 2185 perfidia
2475 2107 2604 2171 con-

523 2211 790 2263 turbabat.
843 2209 1223 2278 Tranquillitas
1264 2216 1363 2278 est,
1402 2210 1492 2263 ubi
1519 2210 1665 2264 solus
1691 2209 1886 2264 Petrus
1913 2210 2157 2279 navigat,
2197 2214 2488 2279 tempestas
2514 2210 2605 2264 ubi

521 2303 695 2357 Judas
729 2302 1094 2372 adjungitur„

298 2487 505 2536 adesim,
670 2472 789 2527 233.
822 2469 985 2525 Absit
1022 2487 1157 2540 ergo
1194 2472 1423 2542 perfidia
1462 2489 1634 2540 neque
1674 2488 1811 2540 quae
1852 2477 1935 2524 est
1973 2471 2176 2525 Gelasii
2203 2459 2482 2543 'pontificis
2507 2469 2605 2524 ad'-

189 2783 336 2830 Geor-y.
368 2787 506 2833 trape-
643 2777 659 2805 ¹
691 2776 759 2820 Ita
791 2775 961 2820 diserte
993 2774 1223 2834 Georgius
1265 2776 1586 2833 trapezuntius
1626 2776 1683 2820 de
1729 2790 1845 2833 una,
1890 2779 2076 2832 sancta,
2124 2774 2358 2819 catholica
2402 2774 2604 2819 ecclesia

287 2840 401 2873 zum·
523 2861 598 2905 ap.
629 2848 736 2892 Leo.
766 2847 908 2893 Allat.
940 2851 973 2892 t.
1006 2848 1038 2891 1.
1067 2860 1112 2905 p.
1145 2849 1232 2891 550
1277 2848 1538 2905 quaestioni
1569 2862 1795 2906 quaenam
1846 2849 1930 2894 illa
1962 2850 2055 2894 sit?
2095 2847 2371 2906 respondet:
2435 2848 2602 2906 ᾖΔῆλον

523 2920 590 2967 ὅτι
621 2920 648 2978 ἡ
679 2927 755 2981 τῆς
785 2920 959 2979 Ῥώμης.
1006 2924 1100 2965 Καὶ
1133 2922 1285 2966 πόθεν
1308 2925 1427 2966 εἴποι
1456 2938 1525 2972 τις
1549 2919 1604 2966 ἄν
1634 2923 1766 2968 τοῦτο
1797 2922 2031 2982 γενήσεται
2053 2928 2147 2973 τοῖς
2171 2924 2348 2978 ζητοῦσι
2378 2918 2602 2982 (prinpum,-

520 2993 712 3054 Πρῶτον
751 2994 832 3052 μὲν
882 2994 950 3039 ὅτι
989 2990 1128 3045 αὐτὸς
1173 2993 1197 3039 ὁ
1242 2993 1446 3055 Χριστὸς
1491 3001 1559 3054 τῷ
1586 2998 1748 3056 Πέτρῳ
1790 2994 1963 3052 ἐξόχως
2002 2995 2084 3046 τὰς
2120 2993 2196 3052 τῆς
2239 2995 2469 3055 βασιλείας
2512 2991 2604 3039 τῶν

520 3064 721 3126 οὐρανῶν
752 3068 998 3128 ἐχαρίσατο
1029 3069 1174 3122 κλεῖς,
1219 3066 1288 3113 Σὺ
1319 3061 1362 3113 εἴ
1384 3070 1633 3129 Πέτρος...
1666 3068 1761 3114 Ὅτι
1792 3069 1842 3113 δὲ
1872 3072 1976 3128 περὶ
2006 3076 2082 3126 τῆς
2112 3070 2337 3127 ρωμαῖκῆς
2368 3067 2601 3124 ἐκκλησίας

519 3147 660 3184 ταῦτα
703 3143 870 3202 εἴρηται
911 3139 973 3200 τῷ
1004 3147 1194 3203 σωτῆρι,
1238 3141 1393 3198 δῆλον,
1433 3139 1573 3199 μόνης
1614 3140 1704 3203 γὰρ
1751 3139 1912 3198 ταύτης
1957 3138 2011 3186 οὗ
2044 3139 2398 3197 κατισχύσουσιν
2437 3146 2490 3199 τῇ
2525 3147 2610 3185 τοῦ

520 3219 727 3275 Χριστοῦ
754 3212 908 3275 χάριτι
945 3216 994 3258 αἱ
1022 3213 1162 3258 πύλαι
1203 3213 1284 3258 τοῦ
1325 3211 1470 3270 ᾅδου,
1513 3216 1562 3257 αἱ
1596 3215 1840 3274 μοχθηραὶ
1880 3219 1967 3259 τῶν
2006 3216 2239 3275 αἱρετικαῖν
2278 3213 2504 3271 γλῶσσαι,
2540 3213 2602 3275 αἱ

521 3286 776 3344 λαλήσασαι
806 3289 868 3338 εἰς
899 3286 951 3332 τὸ
982 3294 1066 3333 τοῦ
1090 3289 1212 3332 θεοῦ
1238 3284 1359 3346 ὕψος
1391 3283 1592 3330 ἀδικίαντ
1631 3286 1818 3343 planum
1849 3289 1922 3330 est
1963 3300 2067 3330 esse
2098 3287 2364 3331 Romanam.
2423 3283 2483 3328 Et
2512 3297 2594 3327 un-

522 3364 685 3408 denam
716 3364 838 3409 dicet
867 3365 1026 3409 nescio
1060 3366 1184 3421 quis,
1224 3363 1598 3422 perquirentibus
1638 3364 1687 3408 id
1716 3362 1860 3409 fuerit
1890 3362 2219 3409 manifestum?
2264 3363 2467 3408 Primum
2497 3362 2595 3420 qui-

521 3437 623 3480 dem
655 3437 778 3494 quod
809 3438 1021 3482 Christus
1052 3438 1153 3495 ipse
1186 3437 1329 3482 Petro
1361 3450 1474 3494 prae
1506 3437 1698 3495 reliquis
1729 3438 1835 3482 aliis
1865 3438 2003 3497 regni
2034 3438 2252 3483 coelestis
2285 3438 2443 3482 claves
2473 3436 2594 3482 elar-

521 3510 647 3568 gitus
679 3514 776 3566 est,
807 3515 858 3555 tu
882 3525 930 3555 es
961 3512 1127 3555 Petrus
1160 3511 1343 3556 dicens.
1366 3546 1376 3555 .
1401 3545 1411 3554 .
1447 3511 1514 3555 De
1544 3511 1744 3556 ecclesia
1775 3525 1893 3557 vero
1924 3524 2118 3557 romana
2148 3512 2264 3555 haec
2294 3509 2597 3568 pronuntiata

520 3597 625 3627 esse
656 3596 683 3626 a
715 3588 960 3629 servatore
991 3585 1098 3628 hinc
1128 3587 1282 3642 patet,
1335 3584 1460 3641 quod
1504 3584 1731 3630 adversus
1780 3598 1881 3629 eam
1923 3583 2099 3631 Christi
2144 3584 2302 3643 gratia
2341 3594 2435 3627 non
2464 3594 2598 3639 prae-

520 3655 742 3700 valebunt
769 3661 937 3714 portae
968 3655 1131 3714 inferi,
1163 3657 1405 3715 improbae
1429 3658 1771 3703 haereticorum
1794 3658 2009 3716 linguae,
2040 3670 2157 3715 quae
2189 3655 2472 3712 obloquutae
2492 3655 2598 3697 sunt

519 3727 566 3771 in
597 3729 799 3774 divinam
828 3730 1117 3778 maiestatem
1147 3730 1429 3775 iniustitiam.

640 3801 657 3829 ²
686 3802 866 3847 Maxim.
898 3804 1065 3848 taurin.
1097 3818 1133 3848 s.
1166 3804 1324 3850 CXIV.
1355 3817 1401 3861 p.
1433 3804 1534 3848 642.

640 3875 658 3902 ³
686 3874 847 3919 Matth.
876 3877 993 3921 XVI.
1028 3877 1097 3922 18.

638 3945 658 3974 ¹*
689 3946 799 3991 lbid.
