2716 4446
226 756 353 788 Concil.
387 755 447 789 VI.

224 1039 350 1069 Concil.
376 1037 457 1072 VII,

185 2626 358 2660 Domitius
375 2628 482 2668 episc·

276 3850 406 3884 Becan.

1394 132 1741 194 ..232-

531 279 724 348 „Nunc
763 283 945 332 autem
983 275 1087 334 hoc
1127 276 1500 348 quaerendum
1539 284 1593 331 et
1632 277 1960 332 studendum
2010 286 2065 333 et
2112 279 2467 336 iudicandum
2505 289 2604 354 est,

528 381 587 427 ut
626 392 756 427 vera
793 373 933 438 fides>
969 372 1292 441 stabiliatur,
1349 391 1447 443 pro
1507 391 1615 444 qua
1673 375 1910 427 maxime
1966 382 2022 449 et
2077 376 2366 429 concilium
2403 372 2606 433 factum

529 476 666 537 est.„
709 467 855 533 Quid
893 485 1053 537 porro
1092 466 1327 520 Patres?
1364 466 1671 520 Noluerunt
1708 467 1948 522 admissa
1976 469 2014 540 ¹)
2054 469 2176 539 alia,
2204 471 2312 523 nisi
2337 490 2440 540 „ea
2466 490 2606 544 quae

530 549 840 615 sanctorum
879 561 1070 614 decem
1111 568 1165 615 et
1203 570 1325 615 octo
1370 561 1770 634 (nicaenorum)
1825 569 1949 616 sunt
2005 572 2059 617 et
2098 582 2236 635 quae
2277 567 2607 621 sanctissimi

527 655 782 723 Leonis„
824 653 935 708 Sed
972 674 1151 726 neque
1205 655 1366 708 aliter
1415 655 1631 709 habitas
1683 655 1851 710 fuisse
1889 675 2065 727 papae
2103 658 2406 729 Agathonis
2443 679 2606 732 „sug-

526 751 837 820 gestioneS„
878 749 1101 804 Patrum
1142 751 1402 822 suffragia
1428 751 1494 804 de
1522 752 1589 804 iis
1628 751 1686 804 in
1725 753 2074 806 oecumenico
2115 760 2270 807 sexto
2309 753 2537 810 concilio
2558 755 2604 827 ⁹)

527 843 674 896 edita
730 842 1035 897 luculenter
1092 845 1400 912 ostendunt,
1461 845 1660 916 quibus
1717 846 1927 898 romani
1980 847 2254 916 pontificis
2304 847 2604 903 doctrinam

524 956 630 991 non
673 956 832 991 secus
871 957 936 991 ac
976 939 1172 1010 synodi
1213 938 1660 994 chalcedonensis
1699 947 1753 993 et
1777 940 1978 994 Leonis
2017 941 2237 995 decreta
2275 943 2613 1014 sequendam⁴

526 1033 764 1087 edixere.
822 1033 1003 1104 Atque
1062 1034 1253 1087 eodem
1310 1041 1470 1104 pacto
1528 1035 1584 1087 in
1641 1034 1874 1088 concilio
1914 1037 2263 1090 oecumenico
2304 1037 2534 1109 septimo
2557 1038 2603 1109 ³)

523 1136 648 1199 post
685 1127 792 1180 alia
831 1146 1089 1181 romanae
1130 1128 1437 1182 traditionis
1476 1129 1761 1200 praeclara
1799 1131 2045 1184 encomia
2095 1149 2162 1183 ea
2208 1138 2431 1202 recepta
2467 1131 2604 1186 fides

520 1223 642 1293 fuit,
683 1242 822 1295 quae
861 1223 1098 1292 „tradita
1136 1268 1149 1280 .
1191 1266 1202 1278 .
1244 1266 1256 1279 .
1309 1231 1363 1277 et
1403 1231 1726 1278 conservata
1777 1231 1860 1278 est
1897 1245 1930 1278 a
1969 1227 2171 1278 sanctis
2211 1234 2264 1279 et
2304 1226 2604 1281 sacratissi-

522 1319 626 1371 mis
664 1317 910 1389 patribus
951 1326 1005 1371 et
1043 1318 1318 1389 magistris
1357 1320 1573 1388 nostris,
1613 1319 1669 1372 id
1709 1327 1806 1389 est,
1851 1321 2054 1374 sanctis
2081 1339 2179 1374 sex
2204 1320 2604 1376 universalibus

525 1413 764 1484 synodiS,
806 1420 970 1484 atque
1010 1412 1328 1467 orthodoxis
1379 1413 1575 1466 litteris
1627 1432 1766 1485 quae
1815 1415 2015 1468 missae
2056 1422 2181 1468 sunt
2217 1414 2286 1468 ab
2324 1413 2602 1469 Hadriano

525 1509 755 1562 senioris
774 1509 980 1562 Romae
1009 1509 1354 1562 sanctissimo
1382 1516 1436 1562 et
1461 1508 1757 1579 apostolico
1779 1509 2007 1580 papae„
2033 1509 2142 1562 Sed
2162 1508 2230 1562 ad
2253 1508 2384 1580 quid
2406 1507 2604 1580 plura?

697 1603 818 1681 258.
880 1603 1062 1670 Quum
1102 1605 1270 1674 igitur
1307 1603 1563 1656 Patribus
1601 1603 1655 1656 in
1696 1603 1941 1656 conciliis
1999 1603 2302 1657 coniunctis
2323 1603 2370 1675 ⁴¹)
2429 1620 2614 1664 romas

524 1717 714 1752 norum
754 1698 1072 1770 pontificum
1127 1698 1524 1752 declarationes
1581 1699 1638 1751 in
1694 1698 1823 1751 fidei
1872 1698 2107 1768 negotiis
2145 1697 2281 1750 tanti
2320 1703 2502 1750 essent
2539 1713 2605 1749 ac

522 1792 794 1861 valerent,
846 1800 906 1846 ut
942 1792 1065 1845 illas
1105 1792 1459 1846 conciliorum
1497 1791 1836 1862 generalium
1875 1790 2282 1844 definitionibus
2321 1796 2375 1843 et
2412 1807 2603 1865 accen-

524 1894 706 1940 serent
743 1895 796 1940 et
833 1888 1265 1959 aequipararent,
1307 1888 1493 1958 ecquis
1533 1886 1742 1939 inficias
1769 1886 1887 1955 iret,
1927 1885 2246 1956 dogmaticis
2288 1885 2604 1956 pontificum

523 1981 982 2035 declarationibus
1021 1981 1366 2035 infallibilem
1424 1980 1493 2033 ab
1543 1979 1654 2034 illis
1691 1980 1802 2033 vim
1841 1978 2099 2032 tributam
2137 1978 2374 2033 fuisse?
2419 1979 2601 2051 Atque

521 2077 624 2130 hoc
663 2095 725 2130 eo
752 2076 842 2130 vel
866 2076 1045 2130 minus
1073 2075 1430 2129 dubitandum
1455 2074 1748 2144 videbitur,
1775 2076 2205 2146 quotiescunque
2231 2073 2606 2128 consideretur

523 2254 784 2314 κρινόμενον
826 2256 902 2297 καὶ
944 2252 1321 2304 σπουδαζόμενόν
1370 2254 1504 2307 ἐστιν,
1555 2249 1667 2295 ὥστε
1706 2250 1788 2310 τήν
1830 2249 1983 2308 ἀληθῆ
2023 2251 2177 2294 πίστιν
2222 2251 2603 2310 συγκροτηθῆναι,
2674 2283 2678 2286 -

524 2325 583 2370 δι’
618 2345 671 2384 ην
701 2326 904 2378 μάλιστα
935 2344 1012 2369 και
1041 2324 1068 2383 ἦ
1100 2325 1291 2371 σύνοδος
1320 2328 1511 2379 γέγονεν.

707 2397 733 2456 ¹)
765 2402 934 2443 Ibidem
964 2416 1008 2456 p
1051 2399 1151 2445 285.
1195 2397 1264 2439 Tol
1306 2397 1553 2440 εκτεθέντα
1592 2411 1723 2455 παρα
1767 2397 1855 2440 τοῖν
1903 2392 2041 2450 ἁγίων
2082 2397 2379 2456 τριακοσίων
2386 2398 2498 2440 δέκα
2527 2397 2606 2440 καὶ

526 2470 637 2515 tinto)
669 2475 884 2530 πατέρων
915 2472 991 2513 καὶ
1020 2469 1082 2513 τοὶ
1111 2472 1200 2513 τοῦ
1231 2467 1489 2513 όσιωτοὶτου
1520 2471 1731 2515 Λέοντος.

699 2546 734 2598 ²)
766 2547 879 2589 Vide
925 2548 984 2587 sis
1024 2550 1109 2589 act.
1151 2546 1275 2589 VIII.
1317 2559 1387 2599 ap.
1425 2545 1642 2588 Harduin.
1684 2545 1714 2588 l.
1749 2557 1786 2587 ο.
1818 2558 1862 2598 Ρ.
1896 2542 2024 2587 1158.
2057 2557 2154 2598 sqq.
2187 2544 2287 2587 coll.
2319 2548 2406 2588 act.
2438 2545 2603 2590 XVIII.
2655 2582 2658 2583 ⁷

524 2635 597 2675 pp.
632 2619 759 2663 1397.
793 2634 888 2674 sqq.
919 2621 1097 2660 Eminet
1128 2618 1250 2672 quod.
1276 2619 1521 2671 „Domitius
1554 2620 1783 2672 episcopus
1804 2617 2040 2658 Prusiados
2073 2617 2193 2669 dixit,
2224 2617 2387 2658 ibidem
2405 2631 2449 2671 p.
2475 2615 2604 2662 1160.

526 2695 637 2736 Ταῖς·
668 2690 926 2748 ἀναφοραῖς
954 2695 1058 2735 ταῖς
1088 2689 1345 2733 σταλείσαις
1375 2687 1507 2746 παροὶ
1536 2691 1624 2731 τοῦ
1654 2685 1835 2746 πατρὸς
1864 2685 1984 2743 ἡμῶν
2016 2688 2092 2729 καὶ
2123 2683 2490 2745 οἶρχιεπισκόπου
2519 2690 2607 2732 τοῦ

526 2762 839 2806 ἅποστολικοῦ
869 2764 946 2804 καὶ
977 2762 1232 2820 κορυφαίου
1265 2761 1443 2819 θρόνου
1473 2762 1555 2817 τῆς
1584 2763 1898 2818 πρεσβυτέρας
1925 2757 2090 2816 Ῥῶμης
2127 2756 2389 2812 Ἀγάθωνος
2419 2793 2430 2804 .
2462 2796 2472 2808 .
2504 2793 2517 2808 .
2550 2758 2607 2807 ὦς
2632 2807 2636 2810 ,

526 2838 570 2878 ἐκ
601 2838 690 2879 τοῦ
718 2835 978 2886 πνεύματος
1007 2836 1097 2877 τοῦ
1130 2833 1265 2888 ἁγίου
1298 2832 1697 2892 ὑπαγορευθείσας
1729 2831 1810 2874 διοὶ
1843 2831 2075 2883 στόματος
2092 2832 2178 2874 τσῦ
2211 2828 2347 2885 ἁγίου
2369 2834 2445 2875 καὶ
2475 2850 2605 2892 κορυ-

527 2910 666 2960 φαίου
698 2910 785 2952 τῶν
818 2906 1085 2951 οἷποστόλων
1118 2910 1300 2966 Πέτρου
1332 2903 1522 2949 καὶδιοὶ
1551 2907 1639 2948 τοῦ
1671 2906 1899 2948 δακτύλου
1930 2907 2018 2947 τοῦ
2047 2907 2388 2963 προλεχθέντος
2418 2917 2604 2963 τρισμα·

527 2982 747 3040 καρίστου
779 2980 918 3023 πάπα
946 2977 1206 3033 Ἀγάθωνος
1235 2979 1483 3038 γραφείσας
1524 2979 1720 3029 δέχομαι
1760 2983 1835 3020 καὶ
1875 2977 2244 3035 περιπτύσσομαι
2274 2978 2350 3018 καὶ
2382 2972 2502 3019 οὕτω
2532 2991 2606 3020 πι-

529 3054 667 3097 στεύω
685 3072 697 3096 .·
728 3055 1073 3110 „Suggestiones
1104 3053 1291 3094 directas
1323 3067 1350 3094 a
1378 3057 1503 3107 patre
1532 3056 1681 3093 nostro
1711 3052 1943 3106 Agathone
1975 3052 2248 3093 sanctissimo
2279 3051 2607 3106 archiepiscopo

526 3130 794 3184 apostolicae
833 3133 877 3170 et
921 3127 1177 3182 principalis
1219 3127 1334 3168 sedis
1365 3112 1573 3180 antiquae
1599 3126 1765 3167 Romae
1797 3157 1808 3169 .
1843 3156 1855 3168 .
1889 3157 1900 3170 .
1943 3129 2170 3178 tamquam
2201 3137 2228 3164 a
2259 3122 2426 3177 Spiritu
2454 3112 2607 3165 sancto

527 3203 721 3256 dictatas¹
745 3216 824 3256 per
855 3215 903 3243 os
935 3201 1076 3242 sancti
1116 3214 1168 3241 ac
1208 3200 1449 3241 beatissimi
1490 3199 1699 3254 principis
1730 3198 2039 3252 Apostolorum
2069 3197 2203 3247 Petri,
2243 3200 2288 3237 et
2316 3196 2453 3250 digito
2474 3208 2607 3250 ,prae-

528 3274 632 3315 dicti
662 3278 728 3314 ter
760 3273 1001 3314 beatissimi
1030 3285 1171 3326 papae
1201 3271 1447 3326 Agat-honis
1478 3271 1675 3324 scriptas,
1707 3270 1898 3324 suscipio
1930 3269 2254 3323 etamplector:
2288 3272 2332 3310 et
2350 3269 2413 3325 ita
2433 3267 2605 3321 creda„

704 3345 738 3399 ³)
771 3346 961 3389 Act.11.
994 3358 1064 3398 ap.
1098 3343 1316 3387 Harduin
1348 3347 1379 3387 t.
1411 3344 1489 3387 IV.
1522 3357 1597 3397 pp.
1631 3340 1846 3385 98—123.
1898 3337 2039 3382 Κατὰ
2077 3336 2160 3426 τ’ἡν
2203 3335 2406 3396 ἀρχαίαν
2438 3339 2513 3380 καὶ
2544 3340 2611 3380 ἔκ-γ

528 3418 674 3459 παλαι
703 3418 790 3459 τῶν
822 3414 998 3473 χρόνων
1031 3414 1356 3485 θεσμοθεσίαν,
1389 3427 1471 3470 την
1493 3415 1858 3472 παραδοθεῖσαν
1891 3414 1935 3454 ἐν
1955 3412 2015 3471 τῇ
2038 3409 2148 3467 οἱγίᾳ
2177 3413 2264 3454 τοῦ
2294 3412 2411 3453 θεοῦ
2438 3409 2608 3469 μεγάλη

531 3489 734 3545 εκκλησίᾳ
766 3506 809 3531 εκ
840 3489 928 3531 τῶν
960 3483 1100 3540 αγίων
1147 3487 1223 3528 καὶ
1263 3485 1564 3542 πανευφήμων
1607 3482 1890 3539 ἀποστόλων,
1933 3486 2009 3526 καὶ
2055 3486 2367 3534 φυλαχθεῖσαν
2395 3478 2487 3526 vno
2519 3483 2609 3525 τῶν

531 3558 669 3614 οἷγίων
701 3562 777 3602 καὶ
807 3561 1032 3617 πανιὲρων
1064 3557 1185 3615 ἡμῶν
1217 3561 1426 3617 πατέρων
1457 3561 1534 3601 καὶ
1560 3557 1866 3610 διδασκάλων,
1899 3554 2004 3614 ἤτοι
2032 3558 2121 3600 τῶν
2153 3554 2290 3610 ἁγίων
2322 3556 2368 3602 ἐξ
2399 3555 2607 3605 οἰκουμε-

530 3635 658 3676 νικῶν
691 3631 907 3686 συνόδων,
940 3632 1207 3690 κρατοῦμεν·
1240 3633 1316 3673 καὶ
1345 3630 1406 3674 τοὶ
1440 3629 1689 3688 όρθόδοξα
1709 3630 1960 3689 γράμματα
1979 3628 2038 3672 τοὶ
2063 3631 2282 3672 σταλέντα
2301 3624 2431 3685 παρὰ
2457 3622 2606 3680 Ἁδρι-

533 3707 647 3748 ανοῦ
675 3706 756 3761 τῆς
785 3708 1099 3763 πρεσβυτέρας
1128 3702 1292 3761 Ῥώμης
1321 3704 1410 3747 τοῦ
1442 3701 1706 3758 ἁγιωτάτου
1739 3705 1814 3746 καὶ
1846 3700 2156 3745 ἀποστολικοῦ
2184 3699 2336 3745 noina.

711 3779 746 3833 ⁴)
777 3780 816 3819 E
850 3779 1007 3832 quibus
1038 3782 1189 3832 aperte
1221 3778 1452 3832 colligitur,
1482 3777 1701 3830 undenam
1730 3777 1935 3831 theologi,
1957 3775 2010 3817 de
2031 3775 2188 3829 quibus
2217 3770 2454 3814 secundum
2474 3770 2603 3815 Mart.

535 3851 760 3893 Becanum
794 3853 926 3904 supra
956 3865 1000 3904 p.
1035 3849 1134 3894 110.
1166 3850 1314 3894 adnot.
1345 3848 1388 3894 3.
1421 3849 1624 3901 diximus,
1656 3862 1783 3891 suam
1812 3849 1860 3890 in
1887 3847 2037 3895 haere
2058 3845 2298 3890 doctrinam
2327 3845 2604 3908 sententiam·

533 3935 617 3976 que
656 3922 988 3978 desumpserint.
