2626 4432
55 883 293 927 t'yprianus.

1200 114 1559 190 -1'2—

351 301 540 368 legalis
577 299 814 350 nimirum
846 293 866 327 1
913 295 1261 348 determinata
1295 290 1516 358 legitimi
1568 287 1860 357 superioris
1897 302 1964 340 ac
1997 285 2194 338 domini
2231 283 2254 316 ²
2309 276 2439 340 vo?

348 395 548 444 luntate
600 389 926 457 imperioque
975 394 1080 439 tam
1133 383 1309 452 quoad
1360 381 1753 447 exsistentiam,
1814 395 1971 447 quam
2026 378 2202 446 quoad
2249 393 2404 431 suum

348 482 633 535 exsistendi
671 480 893 532 modum.
967 477 1283 546 Hujusmodi
1331 474 1493 542 igitur
1546 478 1628 523 est
1665 485 1887 523 romana
1943 484 2155 537 quoque
2203 469 2404 536 unitas3

345 575 583 640 adeoque
620 586 724 623 non
761 571 915 622 aliter
965 585 1137 635 neque
1190 567 1314 620 alibi
1353 562 1755 634 praetendenda
1805 579 1870 615 ea
1921 569 2032 629 est,
2093 577 2250 629 quam
2298 577 2404 628 qua

342 667 488 731 lege,
526 677 629 729 quo
665 668 823 729 pacto
868 667 921 712 et
958 660 1115 712 modo
1154 674 1362 726 quoque
1401 663 1558 711 coetu
1583 655 1853 709 definitam
1887 661 2076 709 auctor
2112 661 2167 708 et
2192 660 2356 723 caput
2377 651 2403 688 ³

340 758 453 823 ipse
492 753 731 805 Christus
770 769 885 804 eam
923 750 1285 820 praescripsit.

477 869 631 922 Unde
662 884 864 921 rursum
894 865 916 898 ⁴
955 866 1287 936 Cyprianus:
1338 862 1573 933 „Quodsi
1609 857 2142 929 una.est⁴ecclesia,
2191 877 2328 929 quae
2366 878 2400 914 a

338 963 551 1015 Christo
587 961 822 1028 diligitur
861 967 915 1012 et
950 960 1170 1012 lavacro
1219 958 1335 1027 ejus
1387 957 1502 1008 sola
1539 962 1831 1024 purgatur:
1880 954 2149 1023 quomodo
2198 956 2287 1022 qui
2343 956 2399 1007 in

337 1055 566 1108 ecclesia
605 1051 666 1121 (i.
706 1070 751 1105 e.
790 1059 1013 1105 externa
1051 1053 1413 1106 communione
1451 1064 1555 1102 non
1582 1046 1817 1117 gaudet)
1869 1063 1975 1101 non
2023 1054 2134 1116 est,
2186 1042 2278 1102 au't
2315 1048 2397 1101 di-

334 1148 428 1215 ligi
466 1164 497 1199 a
536 1145 781 1211 Christ0,
821 1152 911 1197 aut
949 1145 1090 1198 ablui
1128 1150 1182 1197 et
1216 1143 1438 1212 purgari
1473 1143 1693 1195 lavacro
1730 1141 1847 1210 ejus
1885 1141 2113 1210 potest?
2165 1140 2399 1211 Propter

334 1238 474 1306 quod
512 1254 667 1305 quum
707 1237 824 1289 sola
862 1238 1091 1290 ecclesia
1128 1238 1324 1291 habeat
1371 1252 1561 1303 aquam
1590 1235 1806 1287 vitalem
1863 1240 1917 1286 et
1962 1234 2275 1302 baptizandi
2309 1241 2393 1288 at-

333 1349 435 1399 que
474 1330 721 1384 abluendi
758 1331 997 1383 homines
1034 1337 1378 1398 potestatem,
1416 1329 1507 1397 qui
1543 1329 1671 1382 dicit
1698 1328 1841 1396 apud
1867 1328 2226 1381 Novatianum
2261 1330 2399 1398 bap-

332 1425 485 1477 tizari
522 1430 575 1475 et
611 1422 934 1476 sanctificari
970 1422 1198 1489 aliquem
1237 1436 1419 1490 posse,
1460 1423 1605 1490 prius
1645 1424 1896 1477 ostendat
1935 1429 1990 1476 et
2028 1423 2242 1495 doceat,
2279 1422 2397 1476 No-

331 1506 600 1569 vatianum
648 1517 702 1568 in
757 1516 986 1568 ecclesia
1037 1531 1182 1580 esse,
1245 1521 1334 1567 aut
1387 1516 1647 1568 ecclesiae
1675 1513 1697 1546 ⁵
1744 1517 2073 1586 praesidere.
2148 1516 2396 1570 Ecclesia

331 1610 466 1661 enim
513 1626 616 1661 una
664 1615 770 1676 est,
825 1625 961 1676 quae
1013 1625 1118 1661 una
1159 1614 1214 1660 et
1259 1609 1399 1660 intus
1452 1624 1571 1662 esse
1627 1616 1681 1662 et
1716 1610 1850 1663 foris
1907 1624 2015 1662 non
2061 1615 2258 1679 potest.
2331 1606 2394 1663 Si

330 1702 466 1753 enim
510 1701 654 1770 apud
689 1701 1041 1754 Novatianum
1080 1688 1190 1767 est,
1244 1700 1384 1768 apud
1430 1701 1732 1755 Cornelium
1782 1718 1888 1755 non
1925 1703 2038 1755 fuit.
2114 1700 2175 1755 Si
2215 1708 2393 1769 autem

331 1792 472 1861 apud
512 1793 813 1847 Cornelium
844 1795 965 1861 fuit,
1029 1795 1118 1862 qui
1166 1794 1422 1862 episcopo
1471 1793 1712 1848 Fabiano
1770 1796 2006 1862 legitima
2055 1795 2394 1848 ordinatione
2463 1802 2468 1808 ’

329 1887 610 1953 successit,
656 1893 710 1938 et
747 1902 900 1953 quem
938 1892 1156 1955 praeter
1193 1885 1481 1939 sacerdotii
1517 1887 1774 1944 honorem
1810 1884 1832 1918 ⁶
1874 1887 2133 1956 martyrio
2181 1902 2394 1956 quoque

446 2102 462 2130 ¹
493 2099 677 2158 Legalis
700 2099 941 2144 societatis
975 2098 1205 2144 institutio
1237 2095 1408 2142 referri
1440 2101 1599 2155 potest
1628 2101 1723 2142 tam
1753 2096 1812 2142 ad
1842 2096 2097 2153 obiectum,
2127 2094 2390 2154 praefinitis

325 2173 498 2217 normis
530 2172 737 2217 omnibus
769 2185 885 2229 quae
916 2171 975 2216 ad
1017 2169 1335 2227 efficiendam,
1382 2171 1748 2216 conservandam
1787 2170 2230 2229 propagandamque
2259 2169 2391 2215 illam

325 2245 604 2300 conducunt,
636 2257 770 2301 quam
800 2245 858 2289 ad
889 2244 1164 2302 subiectum,
1206 2244 1392 2288 selectis
1425 2243 1770 2302 designatisque
1802 2245 1859 2288 iis
1891 2244 1966 2301 qui
1999 2245 2178 2302 pariter
2206 2257 2300 2290 non
2335 2257 2394 2288 ex

326 2316 521 2361 arbitrio
554 2317 635 2360 sed
675 2330 731 2360 ex
760 2317 1002 2362 voluntate
1043 2317 1249 2362 auctoris
1288 2317 1418 2361 illam
1448 2315 1749 2361 moderantur
1790 2320 1838 2361 et
1867 2316 2209 2362 administrant.
2265 2317 2392 2362 Jam-

321 2403 436 2434 vero
466 2394 661 2446 utroque
691 2394 830 2447 pacto
861 2389 1074 2434 instituta
1103 2403 1132 2434 a
1162 2389 1349 2436 Christo
1382 2388 1582 2433 ecclesia
1610 2387 1700 2434 fuit
1727 2388 1960 2447 legaliter.
2021 2389 2237 2435 Statutus
2268 2388 2391 2434 enim

321 2461 379 2506 ab
410 2461 496 2506 illo
535 2459 624 2505 fuit
656 2464 711 2517 a)
741 2461 1097 2519 aggregationis
1136 2461 1312 2517 modim,
1355 2461 1634 2518 baptismus:
1682 2461 1976 2519 praescripta
2022 2461 2078 2518 b)
2108 2460 2383 2520 principalis

321 2534 525 2579 conditio
543 2567 554 2589 ,
614 2530 752 2578 fides:
796 2537 846 2590 c)
877 2534 1169 2591 propositum
1214 2532 1431 2578 credendi
1477 2531 1734 2591 agendique
1777 2532 2034 2590 obiectum,
2081 2545 2382 2591 quaecunque

321 2605 534 2650 mandavi
570 2604 728 2650 vobis:
772 2605 828 2662 d).
865 2605 1118 2650 institutum
1159 2605 1477 2664 magisterium
1524 2619 1673 2663 aeque.
1710 2618 1766 2650 ac
1797 2605 2004 2651 tribunal
2050 2605 2387 2664 authenticum,

319 2692 461 2735 penes
492 2677 614 2735 quod
645 2681 770 2722 esset
799 2677 1035 2722 doctrinae
1066 2677 1337 2735 integritas,
1384 2677 1516 2735 leges
1557 2675 1759 2733 ferendi,
1805 2677 2036 2723 iudicandi
2075 2677 2384 2737 puniendique

321 2762 493 2794 summa
522 2753 753 2806 potestas:
789 2750 951 2794 docete
977 2775 1029 2782 —
1052 2761 1142 2806 ego
1174 2748 1419 2792 vobiscum
1450 2761 1547 2792 sum
1573 2774 1624 2781 —
1651 2748 1853 2794 collatae
1878 2749 2092 2794 solvendi
2114 2749 2386 2808 ligandique

321 2822 478 2865 claves
510 2847 560 2854 -
594 2825 642 2865 et
677 2820 765 2864 nisi
805 2820 1050 2865 ecclesiam
1090 2819 1309 2876 audierit,
1361 2820 1423 2865 sit
1466 2821 1550 2866 tibi
1581 2813 1700 2865 ¹sicut
1741 2821 1949 2866 ethnicus
1990 2824 2038 2866 et
2083 2821 2384 2879 publicanus:

318 2905 461 2950 porro
506 2898 556 2951 e)
587 2892 744 2937 vocati
773 2892 1021 2950 selectique
1050 2892 1310 2950 duodecim,
1342 2893 1505 2950 quibus
1537 2893 1683 2938 omnis
1724 2894 1898 2939 inesset
1937 2898 2151 2952 potestas
2191 2892 2387 2940 docendi

318 2963 599 3022 regendique
630 2964 894 3019 ecclesiam,
927 2968 974 3008 et
1004 2977 1032 3007 a
1064 2963 1226 3022 quibus
1259 2978 1403 3022 porro
1436 2964 1741 3011 determinata
1771 2966 2065 3012 hierarchica
2087 2963 2241 3012 forma
2273 2977 2384 3012 con-

317 3036 580 3081 tinuandum
609 3034 781 3093 iugiter
810 3037 1108 3082 ministerium
1147 3037 1194 3081 in
1239 3041 1482 3094 sequentes
1522 3038 1742 3083 doctores
1783 3043 1922 3096 atque
1958 3043 2176 3097 pastores
2215 3030 2384 3096 peren·

317 3108 438 3152 niter
477 3107 732 3152 dimanaret
781 3121 837 3152 ac
881 3113 1238 3167 propagaretur.
1298 3110 1581 3155 Recolantur
1631 3111 1778 3156 verba
1834 3111 2017 3156 Domini
2060 3111 2223 3159 Matth.
2263 3110 2382 3156 XVI.

319 3181 387 3224 18.
418 3180 573 3224 XVIII.
608 3182 675 3223 17.
712 3180 911 3226 XXVIII.
946 3182 1000 3225 18
1031 3195 1127 3239 sqq.
1169 3181 1279 3226 coll.
1316 3182 1459 3227 Marc.
1490 3183 1607 3228 XVI.
1643 3186 1725 3240 15.,
1776 3188 1871 3229 tum
1911 3183 2018 3228 aliis
2057 3184 2242 3230 omissis
2275 3184 2381 3230 Act.

315 3253 413 3300 XX.
442 3252 501 3296 28
531 3265 628 3309 sqq.
660 3265 866 3309 quaeque
896 3254 1114 3311 Apostoli
1141 3254 1188 3298 in
1225 3254 1395 3300 litteris
1426 3256 1745 3313 pastoralibus
1776 3257 1998 3303 continuo
2029 3260 2279 3316 exponunt.

436 3324 455 3353 ²
483 3324 583 3367 Act.
613 3323 712 3371 XX.
743 3325 813 3368 28.
1941 3330 1943 3334 ’

437 3395 457 3424 ³
485 3394 598 3451 Eph.
629 3394 705 3439 IV.
739 3397 808 3438 15.

430 3467 451 3497 ⁴
481 3465 552 3511 Ad
581 3465 734 3524 Magn.
765 3479 835 3524 ep.
868 3467 1021 3512 LXIX.
2103 3519 2107 3522 ,

431 3538 451 3568 ⁵
480 3538 604 3583 Dixit
633 3552 683 3583 se
713 3539 1000 3585 Novatianus
1022 3553 1335 3586 successorem
1360 3542 1509 3587 Petri:
1543 3554 1686 3600 quare
1710 3547 1863 3601 patet,
1905 3543 2145 3603 cypriano
2178 3548 2372 3590 auctore

314 3623 413 3654 eum
443 3610 490 3653 in
522 3610 721 3655 ecclesia
750 3624 875 3668 esse,
907 3612 984 3669 qui
1014 3613 1091 3657 vel
1122 3626 1367 3659 successor
1396 3614 1524 3660 Petri
1554 3615 1653 3672 ipse
1676 3614 1914 3674 legitimus
1945 3616 2114 3670 sitvel
2145 3628 2248 3661 cum
2266 3628 2398 3660 suc-²

313 3694 498 3726 cessore
529 3681 657 3726 Petri
687 3683 1001 3728 communione
1031 3684 1241 3742 legitima
1263 3686 1453 3744 junctus
1484 3687 1559 3732 sit.
2120 3704 2123 3707 ’

431 3756 449 3784 ⁶
478 3754 740 3799 Sacerdotii
769 3755 938 3810 honor,
970 3755 1047 3812 qui
1077 3756 1204 3800 Petri
1232 3755 1353 3801 inest
1383 3744 1748 3804 successoribus.
1793 3760 1878 3803 Est
1907 3771 2024 3802 vero
2055 3757 2369 3809 sacerdotium

314 3825 415 3868 heic
445 3825 759 3883 episcopatus,
791 3827 860 3871 uti
890 3828 1112 3873 sacerdos
1142 3826 1235 3872 κατ’
1269 3829 1431 3888 ἐξοχὴν
1461 3830 1583 3888 apud
1615 3831 1809 3876 Veteres
1840 3833 1915 3875 est
1943 3829 2210 3888 episcopus,
2247 3829 2372 3874 scili-

316 3899 390 3940 cet
420 3897 637 3943 sacerdos
669 3898 845 3944 ordinis
875 3898 1023 3957 primi.
