2626 4432
151 327 286 379 alius
327 342 447 379 esse
485 325 698 394 nequit,
750 339 905 392 quam
945 328 1029 375 est
1066 323 1234 391 ipsius
1272 321 1677 375 ecclesiasticae
1718 319 1994 374 societatis
2044 324 2237 373 natura

151 435 216 472 ac
252 419 478 473 indoles,

296 573 463 626 Modo
503 577 678 625 autem
715 575 956 623 nostrum
1004 584 1109 623 non
1155 572 1268 635 est,
1322 566 1564 635 singulas
1602 566 1743 619 illius
1782 565 2147 635 proprietates
2187 570 2241 616 et

149 667 319 732 doteS‚
360 681 491 734 quas
519 664 977 733 compertissimas
1004 661 1250 715 omnibus
1286 657 1304 691 1
1331 661 1601 727 sumimuS‚
1630 661 1747 712 sive
1774 659 2045 713 illustrare
2070 658 2242 727 pluri-

151 762 250 814 bus
288 760 403 813 sive
441 759 770 827 argumentis
809 759 1068 826 probatas
1117 771 1379 809 asserere.
1452 754 1535 808 Eo
1575 755 1742 807 satius
1793 747 2129 823 spectamuS,
2187 758 2244 805 ut

152 870 289 921 quae
327 852 404 904 illi
441 851 794 917 conveniunt,
847 851 1081 918 paritate
1129 850 1353 903 rationis
1407 849 1475 902 de
1529 863 1752 902 romana
1809 849 2013 901 unitate
2053 847 2244 915 paucis

151 960 475 999 enarremus
818 945 840 960 ’”

300 1084 379 1158 15.
411 1103 600 1171 Itaque
642 1103 681 1156 1.
721 1118 827 1156 suo
857 1105 1089 1170 spectato
1125 1101 1229 1168 fine
1267 1099 1639 1153 ecclesiastica
1679 1101 1913 1155 societas
1953 1118 1985 1154 a
2025 1100 2242 1154 Christo
2260 1110 2455 1146 Societas
2496 1110 2561 1145 est

151 1193 490 1263 aedificata²
527 1212 593 1250 ac
627 1195 844 1256 condita
883 1195 1119 1248 societas
1158 1200 1242 1247 est
1278 1208 1383 1246 non
1423 1194 1759 1263 voluntaria,
1796 1194 1894 1247 sed
1931 1196 2244 1249 necessaria
2285 1162 2542 1199 necessaria

150 1301 266 1346 tam-
309 1292 632 1345 necessitate
684 1289 966 1358 praecepti
992 1285 1020 1321 ³·
1078 1304 1235 1357 quam
1292 1289 1830 1343 necessitate-medii
1858 1286 1896 1341 ⁴.
1971 1288 2245 1342 Videlicet

151 1387 449 1440 hominibus
489 1386 679 1453 quibus
734 1383 1072 1451 evangelium
1128 1384 1447 1451 innotuerit,
1506 1383 1775 1451 integrum
1824 1398 1930 1436 non
1987 1388 2104 1450 est,
2156 1383 2246 1436 vel

151 1479 483 1549 propositam
522 1478 837 1547 religionem
877 1477 1110 1545 rejicere
1149 1478 1362 1546 penitus
1400 1477 1489 1531 vel
1528 1477 1751 1545 insuper
1790 1494 1909 1532 eam
1949 1478 2153 1531 habere
2192 1483 2248 1530 et

150 1573 457 1641 negligere:
506 1581 694 1626 coetus
734 1573 1010 1625 enimvero
1049 1572 1143 1625 illa
1180 1577 1263 1624 est
1292 1574 1359 1625 ab
1403 1577 1626 1625 auctore
1652 1563 1870 1626 Christo
1910 1572 1980 1626 ad
2019 1571 2259 1625 salutem*

155 1666 590 1735 consequendam
646 1666 848 1735 factm,
899 1665 1133 1733 ideoque
1181 1667 1426 1733 omnibus
1479 1665 1836 1719 necessarius,
1913 1664 2059 1718 Talis
2108 1680 2245 1733 ergo

150 1759 346 1813 indolis
385 1766 472 1813 est
508 1761 715 1829 pariter
737 1757 759 1790 ⁵
799 1775 1021 1826 romana
1059 1760 1265 1813 unitas:
1306 1775 1414 1812 non
1452 1766 1535 1813 est
1570 1759 1738 1811 resin
1770 1758 1944 1812 libera
1972 1763 2246 1827 potestate
2337 1814 2341 1815 ⁷

157 1855 284 1922 sita,
327 1853 424 1906 sed
464 1871 496 1906 a
536 1854 727 1922 quovis
764 1852 999 1908 ineunda
1037 1870 1139 1909 nec
1167 1853 1472 1908 deserenda
1511 1855 1579 1908 ab
1619 1853 1759 1921 11110,
1800 1852 1889 1921 qui
1916 1858 2248 1922 compertam

114 1946 117 1947 ⁷
151 1947 296 2001 illam
334 1947 599 2003 habuerit.

300 2114 436 2167 Hinc
474 2131 514 2166 S.
555 2112 862 2182 Cyprianus
893 2109 945 2178 ἒς
987 2112 1122 2181 „oui
1161 2112 1476 2166 cathedram
1514 2113 1693 2182 Petri,
1726 2130 1894 2183 supra
1933 2132 2090 2183 quam
2129 2115 2248 2169 fun·
2269 2135 2516 2181 cyprianus.

156 2207 286 2260 data
324 2213 407 2258 est
444 2205 675 2259 ecclesia
715 2206 944 2273 deserit,
981 2207 1034 2257 in
1063 2206 1296 2259 ecclesia
1327 2222 1450 2259 esse
1475 2207 1697 2261 confidit
1714 2210 1776 2278 2„
1819 2208 1889 2262 Et
1914 2209 2250 2278 praeclarius

156 2301 317 2353 etiam
357 2299 796 2368 Hieronymus,
750 2297 795 2331 ⁷·
854 2298 1007 2368 „Ego
1047 2299 1247 2352 nullum
1298 2300 1523 2368 primum
1563 2302 1665 2354 nisi
1704 2301 1975 2356 Christum
2020 2319 2251 2371 sequens
2268 2322 2562 2369 Hieronymus.

155 2392 480 2460 Beatitudini
527 2399 683 2478 tuae,
743 2394 775 2445 i.
828 2410 874 2447 0.
934 2393 1227 2446 cathedrae
1284 2394 1457 2475 Petri,
1527 2397 1899 2450 communione
1953 2399 2250 2451 consocior.

156 2486 336 2557 Super
372 2488 518 2541 illam
557 2494 767 2557 petram
821 2485 1161 2540 aedificatam
1198 2487 1487 2542 ecclesiam
1527 2489 1654 2542 sciO.
1732 2489 2045 2559 Quicunque
2097 2497 2254 2545 extra

153 2580 295 2635 hanc
332 2581 542 2635 domum
584 2599 780 2650 agnum
819 2580 1141 2647 comederit,
1181 2581 1444 2650 profanus
1483 2589 1583 2636 est.
1636 2582 1700 2637 Si
1727 2585 1844 2652 quis
1883 2585 1936 2637 in
1964 2584 2085 2639 Noe
2123 2600 2254 2639 arca

155 2689 262 2727 non
301 2674 489 2739 fuerit,
528 2676 829 2744 peribit...
869 2692 975 2743 non
1012 2678 1142 2731 novi
1177 2658 1441 2746 Vitale1n‚
1480 2677 1756 2731 Meletium
1791 2688 2021 2748 respu0‚
2059 2679 2257 2748 ignoro

155 2765 449 2820 Paulinum.
525 2766 836 2838 Quicunque
876 2775 1051 2825 tecum
1101 2787 1207 2826 non
1246 2771 1487 2840 colligit,
1542 2773 1781 2842 spargit:
1840 2773 1945 2827 hoc
1986 2778 2100 2842 est,
2165 2774 2254 2843 qui
2326 2784 2329 2785 ’

158 2857 359 2912 Christi
396 2875 502 2914 non
542 2867 657 2929 est,
698 2864 995 2918 antichristi
1035 2871 1166 2935 est„

305 3018 388 3074 16.
436 3018 536 3072 Est
572 3034 742 3088 porro
779 3018 845 3073 II.
885 3018 1086 3073 Christi
1124 3019 1359 3074 ecclesia
1396 3024 1730 3080 considerata
1769 3028 1969 3093 oriyine
2015 3027 2252 3081 societas
2269 3038 2466 3127 ιερῗιῑε
2484 3040 2619 3127 stom-

2372 3101 2422 3127 aS
2450 3099 2495 3127 88

282 3322 298 3350 ¹
331 3321 515 3367 Videsis
548 3337 666 3381 quae
696 3325 744 3370 in
778 3328 808 3370 1.
842 3331 888 3373 et
920 3328 970 3372 11.
1002 3329 1236 3376 volumine
1268 3333 1324 3377 de
1357 3335 1561 3380 ecclesia
1592 3336 1767 3383 Christi
1798 3335 2137 3395 disputavimus
2161 3350 2253 3382 una

162 3405 264 3436 cum
294 3394 399 3440 Car
430 3395 699 3456 Passaglia
711 3412 849 3456 quum
879 3402 1059 3447 sodalis
1092 3403 1241 3449 adhuc
1272 3410 1400 3451 esset
1429 3408 1539 3454 Soc.
1569 3410 1697 3454 Jesu.

283 3467 301 3495 ²
332 3466 580 3523 Ephes.11.
612 3473 671 3514 20
706 3486 773 3529 sq.

285 3539 304 3568 3
334 3539 474 3585 Math.
506 3542 706 3589 XXVlll.
739 3548 807 3590 19.
840 3548 949 3591 Joh.
978 3548 1034 3595 X.
1069 3551 1135 3593 16.
1167 3551 1308 3596 Marc.
1339 3552 1460 3597 XVI.
1495 3556 1562 3599 15.
1597 3557 1666 3599 19.

279 3613 300 3642 4
333 3612 482 3658 Tanta
517 3619 589 3659 est
619 3617 850 3663 ecclesiae
882 3622 1162 3679 necessitas,
1205 3627 1378 3680 quanta
1419 3629 1492 3670 est
1531 3627 1790 3672 necessitas
1833 3626 2117 3674 cohaerendi
2153 3640 2254 3673 cum

163 3683 353 3730 Christo
385 3684 599 3743 novaque
631 3688 731 3733 vita
761 3692 1047 3736 renascendi.

283 3758 301 3787 ⁵
330 3758 447 3802 Hinc
478 3763 610 3804 tanta
641 3761 960 3807 sollicitudine
985 3767 1330 3813 commendatur
1364 3771 1518 3816 unitas
1550 3775 1598 3817 et
1627 3776 1817 3818 vetatur
1849 3773 2043 3819 scissio:
2080 3773 2110 3817 I.
2145 3774 2254 3820 Cor.

168 3831 198 3875 1.
231 3831 299 3874 10.
332 3831 408 3875 Xl.
443 3831 510 3875 18.
526 3845 632 3890 sqq.
667 3833 766 3878 Gal.
794 3833 849 3877 V.
882 3836 953 3878 20.
985 3835 1035 3880 11.
1068 3838 1183 3882 Pet.
1204 3839 1253 3883 11.
1288 3841 1318 3884 1

286 3904 305 3933 ⁶
334 3903 400 3947 De
431 3907 541 3949 unit.
578 3906 692 3950 0001.

288 3977 305 4005 7
335 3975 406 4020 Ad
436 3975 617 4023 Damas
648 3993 720 4037 ep.
753 3980 852 4026 XV.
884 3995 924 4026 n.
956 3985 997 4026 2.
