2716 4446
918 163 1175 248 ‘145
1250 194 1319 201 —

80 348 198 386 cum
234 332 287 384 in
327 330 567 383 omnibus
605 328 765 395 plane
805 324 972 379 coelis
1023 323 1228 375 solutus
1267 321 1383 389 sit„
1462 318 1663 383 Quibus
1711 318 1975 388 Origenes
2013 318 2161 372 Petri

81 424 452 478 auctoritatem
508 421 833 487 singularem
887 419 1047 487 plane
1094 415 1288 469 asserit
1336 421 1496 482 atque
1550 431 1582 466 a
1636 413 1896 466 communi
1935 412 2158 465 aliorum

79 515 467 586 Apostolorum
516 512 848 578 distinctam,
901 510 1143 562 nimirum
1202 508 1588 574 universalem,
1651 513 1706 561 et
1753 522 1860 560 non
1907 506 2068 559 modo
2105 507 2158 557 in

80 610 346 675 subditoS,
407 622 591 659 verum
649 606 807 657 etiam
858 605 911 656 in
959 603 1304 673 praepositos
1351 609 1642 672 patentem.
1711 599 1824 654 Sed
1875 607 2160 670 praeterea

79 704 219 756 idem
258 704 518 772 probatur
556 699 875 752 auctoritate
918 695 1288 765 Chrysostomi
1321 692 1341 727 1
1380 696 1796 749 demonstrantis
1843 713 1912 748 ex
1949 694 2162 749 collatis
2180 711 2515 758 chrysostomus.

80 798 242 851 Petro
282 814 315 849 a
353 794 567 848 Christo
605 792 832 845 Domino
871 791 1270 860 praerogativis
1313 796 1537 859 „petrae
1577 797 1632 843 et
1669 791 1932 859 clavium„
1974 794 2163 842 aucto-

79 890 157 942 ris
195 888 394 941 Christi
432 886 792 939 divinitatem:
849 883 1087 953 „Deinde
1126 883 1352 936 alterum
1393 883 1521 936 dicit
1557 884 1844 950 honorem,
1896 882 2018 950 Ego
2067 900 2163 936 au-

81 990 187 1036 tem
227 982 368 1035 dabo
405 980 496 1034 tibi
538 979 723 1032 claves
763 978 918 1046 regni
959 978 1250 1031 coelorum.
1327 976 1464 1040 Quid
1516 976 1787 1044 significat
1828 977 1988 1043 illud,
2039 977 2162 1045 Ego

58 1082 255 1141 ‘autem
294 1074 390 1128 tibi
425 1071 607 1125 dabo?
679 1070 1136 1136 ‘Quemadmodum
1175 1071 1339 1123 Pater
1377 1071 1473 1124 tibi
1510 1070 1659 1123 dedit
1709 1076 1768 1123 ut
1807 1087 1892 1123 me
1931 1085 2165 1137 cognos-

79 1184 261 1234 cere8‚
300 1168 378 1219 sic
403 1171 470 1219 et
507 1181 612 1233 ego
651 1166 744 1220 tibi
785 1166 944 1218 dabo.
1018 1164 1208 1233 Neque
1247 1164 1382 1217 dixit
1418 1165 1628 1231 rogabo
1665 1163 1910 1230 Patrem,
1954 1163 2162 1214 etiamsi

79 1275 272 1331 magna
311 1266 457 1313 esset
484 1260 767 1327 potestatis
805 1259 1214 1326 demonstratiO,
1254 1266 1308 1311 et
1348 1257 1472 1310 doni
1506 1255 1819 1325 magnitudo
1858 1256 2163 1323 ineffabiliS,

78 1353 202 1422 sed,
251 1352 372 1420 Ego
406 1352 547 1405 dabo
587 1351 695 1405 tibi.
776 1350 913 1414 Quid
957 1366 1159 1418 quaeso
1213 1350 1354 1404 das?
1409 1348 1607 1403 Claves
1658 1349 1814 1417 regni
1859 1349 2170 1416 coelorum3

76 1455 134 1502 ut
171 1463 522 1516 quaecunque
561 1445 884 1513 ligaveriS..
935 1444 1224 1497 ‚Videnz
1277 1443 1544 1513 quomodo
1583 1443 1653 1495 ad
1691 1443 2054 1496 sublimiorem
2096 1442 2164 1495 de

79 1558 138 1594 se
177 1536 482 1610 opinionem
520 1541 734 1593 Petrum
776 1485 952 1607 erigat
985 1546 1040 1592 et
1077 1555 1135 1591 se
1162 1540 1335 1608 ipsum
1369 1538 1578 1590 revelet
1613 1553 1678 1591 ac
1707 1554 1808 1606 per
1838 1538 2000 1589 hasce
2029 1536 2165 1588 duas

78 1635 459 1705 promissiones
514 1650 572 1686 se
622 1634 814 1687 Filium
873 1634 973 1686 Dei
1018 1649 1139 1686 esse
1184 1631 1485 1686 ostendat?
1545 1631 1679 1684 Nam
1739 1647 1878 1698 quae
1920 1631 2011 1683 uui
2049 1629 2164 1682 Deo

79 1737 202 1782 sunt
238 1730 485 1798 propria,
515 1746 710 1797 nempe
751 1735 975 1796 peccata
1016 1728 1262 1794 solvere,
1300 1727 1583 1780 ecclesiam
1621 1727 1674 1778 in
1714 1731 1864 1778 tanto
1906 1724 2162 1778 fluctuum

79 1838 348 1877 concursu
385 1823 650 1875 immotam
702 1821 949 1888 reddere,
998 1821 1370 1889 hominemque
1418 1821 1741 1889 piscatorem
1793 1825 1909 1872 toto
1948 1819 2162 1888 impug-

77 1923 239 1969 nante
270 1919 410 1969 rorbe
443 1922 596 1985 petra
634 1915 922 1968 firmiorem
960 1914 1222 1982 reddere,
1262 1915 1400 1968 haec
1438 1930 1497 1967 se
1536 1915 1611 1966 illi
1650 1913 1899 1967 daturum
1937 1914 2162 1983 pollice-

80 2015 190 2075 tur3
229 2014 287 2060 ut
326 2009 489 2061 Pater
527 2009 818 2062 Jeremiam
859 2010 1140 2077 alloquens
1180 2009 1394 2062 dicebat
1422 2005 1460 2076 2,
1511 2025 1570 2061 se
1610 2009 1858 2076 posuisse
1904 2007 2051 2060 illum
2090 2008 2163 2059 si-

79 2108 170 2156 cut
207 2103 505 2155 columnam
545 2119 759 2155 aeream
799 2108 854 2155 et
893 2104 1030 2156 sicut
1070 2120 1303 2170 murum,
1343 2103 1440 2154 sed
1480 2103 1625 2155 illum
1665 2103 1756 2154 uni
1792 2102 1968 2170 genti,
2022 2102 2166 2155 hunc

82 2205 258 2249 autem
306 2198 359 2249 in
398 2198 650 2250 universo
701 2205 963 2250 terrarum
1014 2201 1197 2264 orbe„
1275 2196 1479 2249 Eodem
1530 2197 1826 2264 pertinent,
1878 2213 2017 2263 quae
2073 2212 2164 2249 ce-

82 2291 209 2343 cinit
239 2288 261 2323 3
298 2292 660 2344 nazianzenus
702 2291 1023 2359 Gregorius:
1083 2289 1209 2358 „Sic
1247 2292 1405 2342 etiam
1441 2291 1811 2343 vitiosissimus
1851 2291 2024 2358 qualis
2064 2308 2160 2344 ex·
2181 2300 2414 2348 Greyorius
2451 2309 2529 2337 na-

82 2384 214 2436 stitit
251 2385 452 2453 Judas,
490 2383 691 2437 Annon
716 2385 881 2437 divini
913 2385 1066 2438 Pauli
1102 2385 1381 2438 vocabitur
1413 2386 1650 2453 genitor,
1690 2392 1781 2438 aut
1818 2384 1979 2453 Petri,
2020 2386 2161 2439 illius
2231 2355 2476 2392 zmnzenus
2531 2395 2534 2398 ’

202 2658 218 2686 ¹
248 2658 298 2701 In
329 2658 492 2702 Matth.
524 2660 646 2703 hom.
677 2659 788 2703 LIV.
821 2658 869 2702 al
900 2658 989 2703 LV.
1021 2671 1063 2703 n.
1093 2660 1135 2701 2.
1197 2651 1305 2702 Εἶτα
1336 2659 1410 2701 καὶ
1441 2657 1596 2719 ἑτέραν
1627 2659 1744 2721 λέγει
1779 2658 1924 2717 τιμήν·
1952 2662 2046 2705 Καὶ
2077 2661 2166 2725 ἐγώ

83 2730 241 2798 ὃέ-σοι
269 2729 406 2795 δώσω
437 2739 518 2784 τοῖς
548 2734 664 2783 κλεῖς
695 2732 783 2778 τῶν
813 2731 1034 2794 οὐρανῶν.
1086 2736 1139 2776 Τι’
1169 2731 1222 2775 δέ
1254 2732 1378 2786 ἐστι,
1407 2735 1481 2776 καὶ
1510 2732 1598 2791 ἐγὼ
1623 2732 1677 2777 δέ
1705 2750 1781 2778 σοι
1812 2731 1970 2786 ὃα’σω,·
1994 2733 2164 2798 Ὥσπερ

78 2803 103 2849 ὁ
135 2803 295 2866 Πατήρ
332 2823 407 2850 σοι
444 2807 582 2851 ἔδωκε
628 2805 677 2851 τὸ
727 2806 804 2863 ἐμὲ
844 2804 1032 2868 γνῶναι,
1081 2803 1198 2849 οὕτω
1233 2807 1307 2848 καὶ
1331 2803 1419 2863 ἐγώ
1460 2822 1534 2851 σοι
1585 2805 1735 2852 δώσω.
1797 2810 1892 2852 Καὶ
1930 2806 2011 2853 οὐκ
2057 2803 2167 2866 εἷπε,

78 2879 380 2938 παρακαλέσω
403 2878 479 2924 τὸν
501 2881 702 2941 Πατέρα·
733 2883 882 2924 καίτοι
904 2877 1046 2936 πολλὴ
1071 2872 1125 2936 ἦν
1155 2885 1230 2937 τῆς
1261 2879 1473 2932 ἐξουσίας
1503 2877 1530 2937 ἦ
1567 2880 1767 2938 ἔνδειξις,
1798 2884 1873 2926 καὶ
1904 2890 1987 2927 τοῦ
2013 2883 2167 2946 ὃο’ρου

78 2949 128 2995 τὸ
169 2953 372 3013 μέγεθος
414 2951 603 3010 ἄφατον·
643 2951 737 2998 ἀλλ’
772 2953 864 3015 ἐγώ
890 2971 963 2998 σοι
996 2951 1145 2998 δώσω.
1213 2957 1266 2997 Τι’
1297 2953 1460 3006 ὃίὸως,·
1501 2947 1602 2999 εἶπέ
1635 2971 1727 3012 μοι.
1790 2954 1883 3006 Τὰς
1924 2957 2042 3007 κλεῖς
2079 2956 2167 3002 τῶν

78 3021 293 3083 οὐρανῶν·
339 3026 410 3069 ἵνα
451 3025 538 3070 ὅσα
579 3024 634 3071 ἄν
680 3025 911 3087 ὃήσῃς....
958 3021 1089 3077 ,Εἶδες
1129 3024 1227 3078 πῶς
1271 3029 1346 3071 καὶ
1386 3024 1523 3078 αὐτὸς
1570 3026 1726 3086 ἀνάγει
1767 3028 1844 3074 τὸν
1882 3032 2059 3091 Πέτρον
2102 3032 2166 3081 εἰς

78 3095 255 3155 ὑψηλὴν
283 3095 362 3155 τήν
391 3101 497 3158 περὶ
527 3096 668 3144 αἰτοῦ
695 3102 888 3159 ἔννοιαν,
930 3103 1004 3145 καὶ
1037 3098 1192 3145 ἑαυτὸν
1225 3098 1533 3146 ἀποκαλύπτει
1574 3105 1646 3146 καὶ
1679 3101 1900 3147 δείκνυσιν
1931 3103 2028 3149 υἱὸν
2060 3101 2166 3150 ὄντα

81 3176 162 3214 τοῦ
190 3172 310 3214 θεοῦ
335 3169 411 3214 διὰ
442 3171 529 3215 τῶν
560 3172 856 3229 ’ὑποσχέσεων
886 3174 974 3218 τῶν
1007 3173 1101 3218 ὃύω
1133 3171 1328 3226 τούτων,
1371 3171 1425 3220 “A
1453 3174 1544 3236 γὰρ
1578 3177 1700 3220 θεοῦ
1733 3173 1875 3234 μόνου
1917 3179 2038 3222 ἐστὶν
2069 3178 2166 3222 ἲὸια

83 3239 181 3286 τότε
212 3239 515 3303 αμαρτήματα
547 3247 678 3290 λῦσαι
708 3249 782 3291 καὶ
821 3245 869 3292 τὸ
909 3245 1238 3308 ἀπερίτρεπτον
1270 3246 1348 3306 τὴν
1379 3248 1612 3306 ἐκκλησίαν
1657 3255 1850 3306 ποιῆσαι
1887 3250 1934 3294 ἐν
1971 3251 2167 3312 τοσαύτῃ

83 3311 292 3371 κυμάτων
323 3315 491 3376 ἐμβολῇ
526 3321 601 3362 καὶ
633 3316 885 3380 ανθρωπον
927 3319 1055 3364 αλιέα
1095 3322 1267 3381 πέτρας
1307 3319 1456 3378 πάσης
1497 3314 1731 3380 αποφῆναι
1771 3322 2060 3385 στερρότερον
2091 3332 2167 3382 τῆς

84 3387 342 3444 οἰκουμένης
383 3388 665 3448 πολεμούσης
707 3391 912 3449 ἁπάσης,
951 3400 1091 3437 ταῦτα
1130 3392 1267 3445 αὐτὸς
1308 3396 1626 3457 επαγγέλλεται
1672 3394 1847 3442 δώσειν·
1888 3394 2107 3486 καθάπερ
2140 3397 2165 3443 ὁ

83 3457 243 3519 Πατὴρ
282 3458 399 3520 πρὸς
439 3460 515 3506 τὸν
554 3461 767 3523 Ἱερεμίαν
805 3463 1120 3526 ὃιαλεγόαενος
1161 3467 1318 3528 ἔλεγεν.
1388 3466 1462 3518 Ὡς
1501 3469 1661 3513 στῦλον
1704 3470 1899 3525 χαλκοῦν
1942 3472 2017 3513 καὶ
2059 3469 2166 3515 ὦσεὶ

83 3537 230 3586 τεῖχος
263 3530 427 3590 θήσειν
457 3530 606 3579 αὐτόν·
648 3533 742 3579 ἀλλ’
775 3536 939 3582 ἐκεῖνον
966 3538 1050 3596 μὲν
1079 3539 1142 3583 ἑνὶ
1171 3540 1321 3594 ἔθνει,
1366 3546 1523 3585 τοῦτον
1554 3540 1604 3585 δὲ
1634 3549 1875 3598 πανταχοῦ
1899 3548 1977 3600 τῆς
2010 3544 2162 3588 οἰκου-

83 3605 226 3662 μένης.

204 3678 223 3706 ²
251 3678 348 3722 Jer.
382 3679 414 3722 I.
449 3680 517 3723 18.

204 3751 223 3781 ³
252 3752 402 3797 Carm.
441 3752 471 3796 l.
506 3753 538 3796 Ι.
580 3767 671 3798 sec.
715 3756 758 3797 2.
798 3754 948 3811 poiSm.
989 3756 1151 3800 moral.
1191 3756 1238 3799 in
1276 3757 1459 3802 laudem
1497 3758 1754 3817 virginitat.
1793 3767 1869 3805 vv.
1909 3761 2157 3807 ism—490.

487 3824 595 3870 Οὐδ’
629 3829 673 3871 εἴ
695 3844 763 3878 τις
793 3832 949 3873 κακίαν
979 3827 1191 3886 πεφυκὼς
1222 3828 1317 3881 οἶός
1348 3829 1446 3892 περ’
1479 3828 1679 3890 Ἰούδας,

480 3897 540 3944 Ἢ
569 3899 755 3946 Παύλου
786 3903 959 3953 ζαθέου
990 3901 1267 3960 κεκλήσεται,
1299 3901 1328 3961 ἢ
1359 3902 1437 3966 ὅγε
1469 3906 1670 3967 Πέτρου,

486 3975 661 4036 Πέτρης
689 3972 932 4038 ἆῤῥαγέος,
962 3973 1144 4038 γενήτης
1171 3975 1329 4034 κληῖδα
1359 3975 1596 4034 λαχόντος.
