2626 4432
1024 144 1387 202 ...19-

167 328 354 366 norum
414 311 762 365 communitas
820 313 1064 373 actuum,
1125 307 1214 373 qui
1263 310 1490 373 propter
1539 303 1697 357 finem
1755 305 1902 357 illum
1958 302 2256 368 eliciuntur,

170 420 411 472 quosque
449 402 588 456 adeo
628 401 857 455 sociales
911 397 1319 467 nuncupaveris,
1395 395 1492 448 His
1550 396 1689 447 enim
1737 396 1895 449 sicuti
1951 410 2258 450 communes

169 497 442 552 societatis
493 497 801 550 obtinentur
849 494 1012 560 fineS‚
1070 494 1144 546 ita
1194 492 1402 544 actibus
1463 490 1652 543 iisdem
1705 491 1839 544 socii
1891 506 1956 544 ac
2002 490 2150 543 cives
2205 494 2259 540 et

170 591 560 645 constituuntur
577 596 632 642 et
655 589 1049 655 distinguuntur
1074 593 1343 654 tamquam
1369 601 1500 637 vera
1523 584 1765 653 ejusdem
1794 584 2067 638 societatis
2091 599 2257 635 mem-

169 689 282 740 bra.
360 683 468 737 Sed
503 684 853 737 indubitatum
882 689 990 747 est,
1031 682 1341 735 societatem
1370 679 1791 732 ecclesiasticam
1818 676 1836 709 ¹
1875 696 1907 731 a
1934 679 2043 730 suis
2071 684 2256 746 postu-

168 778 282 830 lare
322 776 571 828 membris
610 780 829 843 praeter
868 773 1108 826 eamdem
1149 779 1311 840 atque
1351 787 1681 824 communem
1721 773 1964 824 omnibus
2002 771 2256 824 initiatio-

167 886 286 923 nem
326 884 391 920 ac
430 867 896 934 regenerationem
936 865 1220 933 baptismi,
1276 863 1517 916 eamdem
1559 879 1887 917 communem
1917 863 2076 915 fidem
2110 880 2256 915 eam-

166 963 392 1029 demque
431 974 763 1014 communem
802 959 1113 1019 caritatem,
1154 956 1250 1009 sed
1290 962 1571 1021 utramque
1601 955 1890 1020 socialem,
1931 955 2253 1022 objectivam
2276 953 2600 1041 ’Ἓθῖβξῑέζξζζωξξθὲ

163 1056 406 1109 nimirum
446 1061 499 1107 et
542 1053 810 1122 publicam
843 1048 879 1103 ².
957 1051 1095 1103 Hinc
1131 1050 1184 1102 in
1226 1049 1458 1102 ecclesia
1501 1048 1597 1099 Dei
1635 1049 1927 1100 communis
1967 1048 2124 1114 fidei,
2165 1064 2256 1102 ac-

163 1151 321 1204 tionis
360 1147 849 1224 communionisque
898 1147 988 1198 lex
1028 1161 1095 1198 eo
1134 1145 1438 1213 pertinenS,
1492 1150 1549 1195 ut
1603 1143 1929 1195 christianae
1984 1142 2259 1194 societatis

163 1243 480 1313 mysticique
521 1241 764 1310 corporis
803 1235 1094 1298 membra-⁰»
1144 1238 1406 1291 communi
1460 1237 1568 1288 vita
1611 1235 2017 1302 arctissimaque
2056 1236 2259 1286 unitate

165 1335 550 1389 devinciantur.
603 1332 769 1399 Atqui
805 1346 913 1383 non
953 1332 1059 1383 alia
1099 1338 1182 1383 est
1207 1346 1461 1382 romanae
1487 1328 1705 1381 unitatis
1733 1330 1944 1399 species
1970 1344 2035 1380 ac
2060 1327 2256 1379 forma:

162 1432 320 1485 immo
359 1445 492 1482 vero
529 1430 581 1481 in
622 1444 844 1481 romana
883 1426 1127 1494 apprime
1182 1425 1383 1476 unitate
1424 1430 1477 1475 et
1518 1423 1605 1475 lex
1652 1422 1748 1473 illa
1787 1421 2015 1474 maxime
2063 1421 2256 1474 emicat

164 1525 361 1592 illaque
399 1523 510 1577 vita
547 1523 892 1590 singulariter
930 1519 1193 1590 splendet,

307 1673 392 1726 24.
421 1671 543 1741 „Ad
564 1672 703 1725 hanc
721 1672 857 1724 enim
882 1640 1283 1735 ecclesiaiffiita
1302 1670 1558 1722 Irenaeus
1579 1665 1616 1734 ¹²,
1645 1674 1871 1736 propter
1889 1667 2250 1736 potentiorem
2277 1677 2490 1714 Irenaeus.

163 1767 611 1836 principalitatem
650 1781 873 1819 necesse
925 1772 1006 1817 est
1058 1780 1264 1818 omnem
1319 1765 1612 1818 convenire
1651 1765 1966 1828 ecclesiam,
2020 1765 2124 1816 hoc
2177 1770 2260 1815 est

162 1876 261 1915 eos
302 1861 392 1928 qui
429 1868 551 1914 sunt
590 1859 822 1927 undique
861 1859 1081 1926 fideleS,
1120 1860 1173 1911 in
1214 1875 1318 1926 qua
1354 1875 1569 1927 semper
1609 1862 1677 1912 ab
1708 1859 1822 1923 his,
1878 1858 1967 1925 qui
2007 1864 2129 1909 sunt
2159 1874 2259 1909 un-

163 1955 350 2023 dique,
389 1961 711 2007 conservata
751 1961 834 2006 est
870 1970 934 2006 ea
974 1970 1112 2020 quae
1152 1960 1235 2005 est
1275 1956 1343 2006 ab
1370 1951 1656 2021 Apostolis
1683 1952 1948 2021 traditio.„
2004 1951 2101 2004 Est
2124 1966 2257 2019 ergo

162 2062 385 2100 romana
424 2047 683 2101 cathedra
719 2048 879 2100 totius
919 2047 1326 2100 ecclesiasticae
1376 2047 1651 2100 societatis
1701 2052 1975 2113 centrum,
2038 2052 2091 2098 et
2140 2044 2259 2113 ejus

163 2139 301 2193 fides
358 2147 442 2192 est
497 2139 624 2191 fidei
676 2140 891 2192 socialis
937 2139 1128 2206 regula
1186 2155 1251 2192 ac
1306 2138 1636 2207 paradigma.
1716 2137 1869 2191 Unde
1926 2139 2104 2208 pergit
2142 2137 2258 2190 Ire-

165 2413 257 2458 lam
289 2426 392 2458 esse
427 2413 714 2460 societatem.
774 2414 1067 2460 Generaliter
1099 2417 1220 2461 enim
1252 2417 1477 2474 traditur,
1520 2431 1676 2462 rerum
1700 2418 2052 2463 inhonestarum
2083 2416 2259 2461 nullam

164 2501 268 2532 esse
299 2487 617 2547 societatem„
681 2488 815 2544 Quod
846 2503 962 2534 vero
1005 2489 1064 2534 ad
1104 2491 1195 2535 hoc
1227 2491 1416 2548 attinet,
1465 2489 1590 2535 falso
1633 2491 1803 2550 aliquis
1854 2491 2092 2545 crederet,
2139 2490 2259 2534 idem

164 2574 269 2605 esse
301 2573 585 2606 communem
616 2563 819 2620 proponi
850 2559 1009 2621 finem,
1043 2568 1090 2608 et
1122 2565 1284 2609 eadem
1314 2565 1445 2610 illum
1477 2565 1660 2611 ratione
1692 2566 1750 2610 ab
1777 2565 1988 2610 omnibus
2014 2577 2118 2609 esse
2149 2577 2259 2621 pro-

165 2634 430 2680 curandum.
493 2635 755 2681 Communis
788 2640 861 2680 est
884 2633 990 2680 finis
1015 2637 1259 2682 societatis
1283 2638 1568 2697 coniugalis,
1603 2637 1856 2683 communis
1881 2633 1987 2682 finis
2016 2636 2261 2682 societatis

161 2706 434 2765 familiaris,
464 2712 514 2753 et
544 2710 795 2754 communis
826 2708 931 2755 finis
963 2709 1206 2756 societatis
1239 2711 1415 2769 civilis;
1458 2725 1608 2769 neque
1646 2711 1823 2757 idcirco
1872 2715 2028 2757 tamen
2062 2711 2123 2756 ad
2161 2709 2261 2754 eius

163 2780 539 2839 assequutionem
571 2782 776 2827 eiusdem
807 2787 1005 2828 naturae
1037 2783 1220 2828 actibus
1260 2784 1467 2829 membra
1506 2786 1667 2830 harum
1701 2784 1978 2830 societatum
2021 2784 2260 2829 connitun-

163 2857 263 2911 tur,
303 2854 685 2912 quemadmodum
709 2857 962 2902 communis
1004 2861 1077 2902 est
1113 2854 1217 2902 finis
1250 2855 1453 2915 partium
1494 2856 1694 2901 omnium
1737 2856 1954 2914 corporis
1994 2855 2261 2901 animalium

164 2927 429 2972 eorumdem
460 2926 781 2986 incolumitas,
812 2926 922 2987 'quin
946 2933 1102 2975 tamen
1133 2934 1389 2988 propterea
1412 2930 1533 2975 idem
1567 2935 1700 2976 actus
1733 2930 1947 2988 partibus
1981 2929 2260 2975 membrisve

165 2999 376 3044 omnibus
408 3000 704 3046 attribuatur.

213 3107 219 3110 Δ
287 3074 303 3102 ¹
334 3073 401 3117 De
429 3074 503 3117 his
536 3071 595 3118 cf.
629 3088 747 3131 quae
780 3075 1017 3133 disputata
1040 3074 1230 3122 fuerunt
1253 3077 1446 3123 laudato
1472 3078 1521 3124 O.
1539 3078 1671 3122 Pass.
1698 3081 1943 3123 comment.
1969 3077 2025 3122 de
2058 3076 2259 3121 ecclesia

165 3145 336 3192 Christ.
369 3146 464 3190 vol.
498 3147 548 3190 Π.
580 3147 611 3190 l.
646 3145 715 3191 111.
750 3160 786 3192 c.
818 3149 888 3192 35.

287 3218 305 3246 ²
336 3218 462 3263 Haec
502 3233 595 3264 non
637 3233 694 3265 eo
736 3221 995 3278 pertinent,
1037 3226 1089 3267 ut
1126 3221 1261 3267 fidem
1308 3224 1640 3282 caritatemque
1681 3224 1910 3269 internam
1943 3223 2257 3278 excludamus,

168 3291 250 3336 sed
279 3292 436 3349 potius
468 3296 519 3337 ut
556 3298 794 3339 externam
827 3295 1068 3354 utriusque
1100 3296 1525 3343 manifestationem
1557 3302 1790 3355 tamquam
1824 3298 2150 3342 characterem
2185 3309 2259 3340 as-

168 3377 413 3422 seramus„
449 3380 539 3424 quo
590 3367 790 3412 visibilis
831 3369 1060 3414 ecclesiae
1100 3370 1352 3415 membrum
1400 3371 1648 3429 conspicue
1697 3370 2013 3417 constituatur
2058 3383 2115 3415 ac
2158 3369 2259 3428 dig-

166 3440 403 3481 noscatur.

289 3510 307 3539 3
336 3510 542 3568 Recepta
578 3517 651 3557 est
682 3515 803 3569 apud
835 3515 1002 3558 Patres
1035 3529 1193 3559 omnes
1236 3515 1473 3571 doctrina,
1517 3530 1652 3574 quam
1684 3517 2003 3562 Tertullianus
2036 3518 2093 3561 de
2123 3530 2257 3574 prae·
2274 3528 2573 3566 Tertullianus,

168 3582 349 3640 scriptt.
383 3596 420 3627 c.
450 3584 546 3627 XX.
579 3584 651 3628 his
685 3586 870 3630 omnino
913 3587 1072 3631 verbis
1116 3588 1387 3645 complexus
1419 3593 1537 3645 est:s
1565 3590 1751 3647 „ltaque
1796 3596 1866 3636 tot
1909 3595 1956 3635 et
1990 3596 2150 3636 tantae
2183 3604 2259 3634 ec-

169 3655 338 3700 clesiae
370 3669 460 3700 una
492 3661 564 3701 est
594 3657 678 3700 illa
711 3657 769 3701 ab
794 3659 1038 3714 Apostolis
1070 3660 1220 3716 prima
1251 3674 1307 3705 ex
1339 3675 1430 3718 qua
1461 3676 1634 3707 omnes.
1696 3662 1777 3708 Sic
1810 3678 1968 3708 omnes
1999 3665 2177 3721 primae
2210 3668 2257 3708 et

169 3740 327 3772 omnes
359 3729 676 3786 apostolicae,
719 3730 822 3773 dum
853 3744 987 3774 unam
1021 3746 1179 3782 omnes
1213 3733 1414 3789 probant
1446 3734 1691 3791 unitatem,
1740 3735 1844 3779 dum
1887 3740 1959 3779 est
2002 3735 2098 3779 illis
2130 3749 2256 3780 com-

169 3801 414 3846 municatio
449 3803 578 3858 pacis
611 3806 657 3845 et
682 3803 942 3860 appellatio
969 3800 1283 3849 fraternitatis
1309 3809 1355 3849 et
1380 3807 1722 3851 contesseratio
1748 3807 2104 3865 hospitalitatis,
2137 3822 2255 3865 quae

160 3873 274 3931 jura
306 3887 397 3917 non
431 3875 527 3918 alia
560 3876 684 3920 ratio
717 3876 864 3934 regit,
898 3890 1033 3934 quam
1065 3877 1273 3936 ejusdem
1306 3880 1586 3923 sacramenti
1618 3893 1709 3923 una
1742 3879 1980 3938 traditio.„

285 3945 305 3976 4
338 3947 451 3991 Con.
484 3947 614 3991 haer.
648 3948 676 3991 1,
708 3948 779 3991 111.
814 3962 851 3992 c.
883 3951 925 3993 3.
