2716 4446
13 888 18 893 “
0 426 47 872 μᾞΐζῆῌῇ-’ῥᾘὶ
23 406 25 410 ·
20 374 41 386 .·
22 309 41 347 221
0 273 37 291 ζ
22 219 49 258 ῃ,
38 198 42 202 .

0 955 22 1102 ἕψων,
0 944 2 946 ·
0 895 22 934 ιῖὲ

0 1117 16 1374 ’.Μ-ΠΑ-

1076 178 1425 239 ..337-

207 330 527 399 ritatemque
547 324 1183 395 infallibilis'magisterii,
1202 342 1307 393 quo
1329 323 1493 376 totius
1517 321 1783 375 ecclesiae
1804 329 1990 392 pastor
2009 327 2062 374 et
2082 320 2287 389 doctor,

206 440 459 477 romanus
498 419 732 491 praesul,
762 418 1001 484 excellit,
1029 417 1170 470 nihil'
1193 417 1484 484 efficaciuS,
1513 435 1678 488 quam
1706 415 1875 468 oculis
1905 414 2171 467 subiicere
2194 432 2286 467 ex-

205 516 554 588 plicationem
573 513 736 580 illius,
753 519 807 564 et
823 511 1123 563 enarrando
1147 529 1212 562 ea
1226 529 1516 580 exponere,
1535 529 1672 580 quae
1689 509 1998 561 necessaria
2017 507 2142 560 inde
2164 525 2287 560 con-

147 662 151 666 ,
207 612 526 680 sequutione
547 613 838 659 nectuntur
852 613 905 657 et
919 604 1172 674 pendent,
1189 613 1300 656 tam
1316 605 1371 655 in
1388 604 1684 656 theoretico
1701 603 2063 655 doctrinarum
2081 601 2288 670 ordine,

208 720 370 775 quam
407 703 464 754 in
503 701 691 753 ordine
729 699 971 770 practico
1012 698 1227 767 agendi.
1267 699 1437 768 Atqui
1476 699 1757 768 utriusque
1799 698 2003 750 ordinis
2031 695 2285 766 sequelae

205 815 394 852 omnes
427 795 496 848 ab
531 795 853 865 antiquitate
886 793 1155 845 Maiorum
1190 791 1490 861 probantur
1511 801 1564 844 et
1592 792 1928 844 adseruntur.
1964 791 2146 857 Quare
2167 791 2287 860 ipsa

205 891 666 946 consectariorum
685 889 914 942 veritate
948 887 1158 939 romani
1185 886 1458 956 pontificis
1491 886 1852 938 infallibilitas
1886 883 2284 955 comprobatur.

377 984 499 1038 355,
536 983 610 1036 Et
645 1002 704 1035 re
745 981 964 1053 quidem
1002 999 1148 1048 vera,
1191 981 1237 1032 si
1275 979 1650 1048 magisterium
1695 978 1984 1032 cathedrae
2028 996 2284 1031 romanae

204 1078 489 1133 infallibile
528 1085 624 1146 est,
666 1077 1042 1147 consequitur:
1460 1067 1462 1069 ’
2288 1062 2293 1067 ’

389 1174 436 1229 1.
477 1172 717 1226 eiusdem
755 1170 958 1222 iudicia
994 1167 1410 1220 irreformabilia
1449 1186 1568 1221 esse
1615 1185 1678 1219 ac
1717 1166 2072 1221 inmutabilia.
2113 1166 2282 1239 Atqui

204 1267 308 1320 hoc
347 1267 591 1337 apprime
632 1273 729 1332 est,
772 1262 916 1334 quod
955 1248 1272 1314 aPatribus
1311 1261 1586 1314 docemur.
1628 1260 1996 1331 Consequitur

375 1361 425 1416 2.
467 1359 707 1412 eiusdem
749 1357 1084 1428 professione
1143 1374 1207 1409 ac
1248 1356 1519 1409 sententia
1557 1374 1719 1407 unam
1774 1374 1989 1425 semper
2028 1354 2280 1409 eandem-

206 1473 311 1527 que
353 1452 709 1524 apostolicam
750 1451 1053 1504 doctrinam
1091 1450 1383 1521 praeferri:
1436 1450 1587 1520 atqui
1637 1449 1693 1501 id
1732 1457 1826 1510 est,
1867 1449 2011 1520 quod
2052 1448 2280 1503 Veteres

203 1549 453 1621 inprimis
493 1547 571 1600 de-
600 1565 855 1600 romanae
895 1544 1186 1598 cathedrae
1210 1544 1474 1597 'doctrina
1511 1543 1854 1613 praedicant:
1896 1545 2245 1614 consequitur

376 1643 425 1694 3.
465 1641 860 1711 professionem
896 1638 1044 1692 illius
1083 1639 1283 1708 iugiter
1325 1656 1445 1691 esse
1474 1637 1831 1690 orthodoxam
1869 1637 1999 1690 fidei
2036 1636 2282 1707 regulam

202 1755 268 1790 ac
303 1736 559 1804 formam,
622 1735 692 1788 ad
730 1736 993 1787 unitatem
1034 1733 1360 1787 catholicam
1399 1732 1785 1785 continendam
1835 1731 2086 1785 omnibus
2125 1751 2280 1803 prae-

202 1830 488 1884 lucentem.
531 1831 703 1900 Atqui
739 1828 843 1882 hoc
881 1829 1061 1899 ipsum
1101 1834 1199 1896 est,
1241 1827 1387 1898 quod
1425 1845 1458 1878 a
1494 1825 1796 1879 Maioribus
1834 1826 2083 1882 traditur.

376 1924 498 1979 356.
539 1923 744 1976 Verum
782 1924 957 1994 posito
996 1922 1099 1975 hoc
1149 1921 1445 1975 theoretico
1505 1921 1873 1975 doctrinarum
1937 1920 2126 1974 ordine
2166 1915 2280 1994 *pro

203 2018 389 2073 ordine
428 2019 703 2071 actionum
740 2019 981 2088 practico
1019 2016 1304 2070 manifeste
1344 2015 1645 2086 colligitur:

377 2114 424 2168 1.
464 2132 563 2184 per
598 2111 889 2165 infallibile
942 2110 1108 2164 solius
1159 2111 1372 2163 romani
1421 2107 1695 2181 Pontificis
1732 2110 2105 2180 magisterium
2142 2110 2280 2163 iudi-2
2352 2168 2354 2171 v

201 2207 330 2276 cari,
369 2205 566 2274 dirimi,
607 2205 819 2258 definiri
849 2223 1043 2257 causas
1072 2204 1529 2275 quaestionesque
1568 2202 1872 2262 αὐθεντικῶς
1908 2202 2080 2275 plena
2097 2203 2281 2258 decre-

199 2301 445 2373 toriaque
482 2306 768 2372 potestate.
822 2299 962 2352 Tum
1000 2317 1131 2353 vero
1788 2287 1791 2292 ’
2145 2287 2151 2293 ’

370 2396 420 2448 2.
461 2393 706 2447 eiusdem
742 2394 1047 2464 magisterii
1084 2385 1303 2460 iudicia,
1345 2392 1565 2445 decreta
1597 2391 2105 2464 declarationesque
2146 2393 2283 2447 citra

198 2487 557 2556 formidinem,
623 2487 865 2558 citraque
929 2505 1086 2540 omne
1144 2486 1501 2540 dubitationis
1555 2504 1789 2539 examen
1845 2505 1878 2539 a
1942 2487 2282 2552 credentium

200 2581 444 2654 quolibet
481 2599 600 2634 esse
637 2581 958 2652 recipienda
996 2590 1160 2653 atque
1199 2581 1452 2635 tenenda.
1491 2581 1640 2634 Hinc

372 2675 421 2731 3.
459 2676 847 2746 magisterium¹
867 2676 973 2730 hoc
1012 2694 1178 2747 quum
1212 2669 1288 2729 ‘sit
1327 2694 1655 2748 supremum,
1713 2674 1923 2729 nullum
1974 2675 2124 2730 aliud
2161 2695 2282 2731 esse

203 2787 396 2840 supra;
433 2786 601 2840 quum
637 2769 966 2839 universale,
1006 2769 1213 2822 nullum
1254 2769 1405 2822 aliud
1430 2788 1555 2823 esse
1578 2771 1714 2823 citra
1740 2789 1804 2823 ac
1829 2776 2074 2841 praeter;
2115 2789 2282 2842 quum

201 2863 270 2915 sit
306 2861 610 2930 infallibile,
650 2861 861 2916 nullum
899 2862 1049 2916 aliud
1088 2882 1208 2916 esse
1249 2870 1436 2916 contra
1476 2864 1591 2916 sive
1630 2882 1792 2934 posse
1832 2865 1947 2918 sive
1989 2864 2206 2922 debere.

368 2954 540 3027 Atqui
595 2955 730 3009 nihil
791 2956 986 3009 horum
1049 2964 1147 3025 est,
1221 2959 1375 3010 cuius
1438 2956 1739 3028 legitimam
1801 2957 1981 3023 πρᾶξιν
2043 2958 2279 3013 Maiores

200 3067 309 3103 non
345 3050 680 3119 admiserint,
729 3050 825 3103 sed
875 3052 1057 3104 omnia
1107 3070 1172 3104 ac
1225 3051 1440 3122 singula
1478 3071 1575 3106 suo
1617 3053 1722 3106 sibi
1767 3054 1885 3106 iure
1925 3059 2174 3106 constare
2213 3072 2278 3107 ac

200 3142 591 3197 inviolabiliter
630 3144 899 3197 servanda
935 3145 1257 3215 profitentur
1307 3164 1372 3198 ac
1409 3145 1701 3199 inculcant.
1764 3146 1813 3198 E
1853 3146 2048 3218 quibus
2087 3146 2275 3218 liquet,

198 3237 269 3291 ad
305 3237 363 3291 id
400 3238 897 3307 demonstrandum,
957 3239 1102 3310 quod
1157 3239 1265 3292 huc
1319 3258 1491 3311 usque
1549 3241 1885 3312 propositum
1923 3241 2040 3310 fuit,
2080 3240 2278 3295 thesim

199 3351 321 3386 cum
358 3332 651 3404 hypothesi
689 3333 1036 3403 concordare,
1094 3353 1254 3386 usum
1310 3341 1364 3387 et
1419 3333 1599 3400 πρᾶξιν
1637 3337 1949 3406 conspirare
1989 3355 2113 3389 cum
2151 3336 2274 3390 doc-

196 3427 339 3479 trina
393 3445 458 3479 ac
512 3430 723 3495 θεωρίᾳ,
781 3426 1026 3506 adeoque
1084 3428 1295 3480 romani
1351 3428 1637 3498 pontificiS,
1694 3429 1891 3482 summi
1946 3430 2003 3483 in
2042 3430 2276 3484 ecclesia

199 3518 450 3586 doctoris,
489 3520 863 3589 magisterium
901 3539 1082 3573 errare
1120 3520 1344 3592 fallique
1383 3523 1629 3575 nescium
1669 3540 1805 3576 esse.

198 3654 298 3708 XI.
336 3654 824 3708 Infallibilem
861 3645 1853 3730 interpo-ntificeminterque
1884 3660 2274 3715 ecclesiam

335 3751 339 3756 '
838 3749 1129 3803 habitus
1180 3752 1630 3824 expenditur.
1732 3756 1745 3760 '⁴

371 3866 492 3921 357.
522 3864 631 3919 Sed
670 3873 724 3919 et
759 3865 897 3919 illud
933 3866 1060 3920 inde
1087 3865 1274 3938 liquet,
1304 3867 1448 3938 quod
1476 3875 1622 3922 certe
1649 3889 1682 3922 a
1706 3870 1890 3923 multis
1918 3873 2081 3924 anxie
2109 3889 2271 3943 quae-

198 3960 359 4013 situm
384 3959 500 4030 fuit,
530 3959 781 4032 quodque
809 3960 997 4031 paucis
1025 3959 1366 4032 expendisse,
1408 3980 1603 4033 operae
1630 3964 1861 4034 pretium
1890 3972 1987 4033 est,
2015 3966 2271 4026 nimirum

1917 4064 1974 4111 43
