2716 4446
135 325 286 386 davit
311 348 516 402 suoque
544 331 806 402 sanguine
834 333 1186 400 consecravit,
1222 329 1455 383 ecclesia
1480 326 1587 381 alia
1610 325 1760 380 nulla
1786 323 2213 395 distingueretur

135 425 360 479 veritate
398 425 836 495 proprietateque
877 424 1234 478 excellentiae
1273 421 1668 494 patriarchalis.
1743 420 1998 490 Denique

305 538 400 594 VI.
427 537 763 609 intelligitur,
790 558 887 593 cur
910 541 1126 593 nicaeni
1147 539 1385 611 Patres1)
1415 537 1696 609 exemplar
1720 535 1871 590 velut
1896 554 1961 588 ac
1981 535 2209 588 formam

137 633 344 688 sedium
377 633 818 704 patriarchalium
857 653 1136 687 romanam
1176 633 1487 701 habuerint,
1512 650 1619 685 non
1648 639 1857 685 tantum
1892 629 2036 701 quod
2074 628 2210 680 haec

137 746 167 781 e
195 726 552 798 ‘patriarchali
587 727 734 780 fonte
776 729 1081 797 scaturivit,
1123 728 1549 799 purissimosque
1602 727 1719 778 eius
1771 724 1961 777 latices
1999 722 2208 790 hausit3

136 839 325 875 verum
363 820 508 891 quod
546 828 599 873 et
637 820 840 874 diutius
879 821 1210 892 uberiusque
1249 820 1327 874 ibi
1365 820 1485 874 fons
1524 818 1615 872 ille
1653 818 1840 886 fluxit,
1901 825 1954 870 et
2006 815 2211 869 ibidem

138 913 480 987 quiescendO,
515 923 574 968 ut
612 933 735 968 cum
774 912 1040 985 Gregorio
1068 933 1264 985 magno
1292 913 1592 985 loquamur,
1621 913 1822 983 iugiter
1846 910 2051 964 ibidem
2077 909 2211 963 fluit.

555 1096 597 1139 4.
631 1097 900 1151 Opinionum
933 1102 1179 1140 commenta
1212 1098 1452 1141 corollariis
1483 1097 1790 1142 excluduntur.

310 1242 396 1296 68.
425 1240 532 1296 Sed
559 1242 694 1295 haec
719 1244 829 1296 iam
854 1242 925 1296 ad
962 1242 1156 1296 altiora
1192 1261 1291 1296 nos
1330 1247 1616 1310 vocarent,
1655 1241 1763 1293 nisi
1799 1241 2033 1311 pretium
2072 1247 2218 1292 esset

140 1354 352 1407 operae,
394 1355 465 1390 ex
502 1337 569 1390 iis
608 1354 717 1390 non
754 1338 960 1408 pauciS,
1003 1355 1142 1408 quae
1182 1336 1248 1389 de
1289 1335 1757 1408 praestantissimo
1783 1333 2216 1406 patriarcharum

141 1429 326 1484 ordine
366 1431 765 1501 enarravimUS,
824 1431 1092 1503 quaedam
1147 1430 1471 1485 brevissime
1520 1429 1803 1501 colligere,
1863 1428 2061 1500 quibus
2117 1446 2214 1499 pro

142 1525 352 1579 sincera
388 1543 567 1579 rerum
630 1527 858 1580 veritate
915 1527 1071 1580 vanis
1129 1544 1315 1579 eorum
1377 1524 1677 1579 rationibus
1728 1531 2057 1591 occurratur,
2124 1523 2218 1592 qui

142 1620 334 1690 spretis
409 1622 841 1692 contemptisque
916 1622 1276 1675 communiter
1345 1619 1595 1674 omnibus
1666 1620 1906 1691 priorum
1981 1624 2219 1671 aetatum

143 1711 408 1766 methodis
446 1722 607 1785 atque
636 1715 932 1784 sententiis,
971 1715 1117 1769 viam
1145 1734 1303 1787 quam
1331 1714 1646 1769 historicam
1671 1722 1870 1767 vocant
1896 1721 1950 1766 et
1976 1713 2219 1765 criticam

145 1815 412 1861 sectantes
452 1807 522 1861 ad
558 1827 701 1863 nova
738 1812 953 1881 penitus
992 1818 1154 1882 atque
1192 1811 1427 1881 receptis
1467 1810 1764 1863 universim
1803 1808 2071 1861 Maiorum
2112 1806 2219 1859 suf-

145 1900 332 1972 fragiis
369 1902 530 1975 plane
570 1907 840 1958 contraria
863 1905 907 1977 2)
965 1905 1308 1958 adducuntur
1365 1906 1679 1975 opinionum
1736 1904 1962 1976 placita,
2022 1902 2220 1974 quibus

148 1998 372 2068 antiqua
407 1999 608 2068 pariter
644 1998 979 2072 probataque
1020 2018 1233 2071 semper
1281 1999 1725 2071 patriarchalium
1774 1998 1983 2051 sedium
2031 1997 2219 2051 funda-

151 2098 331 2145 menta
368 2092 625 2147 subruere
663 2094 1067 2165 adgrediuntur.

326 2210 412 2266 69.
450 2210 704 2266 Jamvero
742 2212 879 2267 haec
916 2213 1076 2267 facile
1117 2232 1186 2268 ex
1227 2212 1594 2285 superioribus
1632 2211 1966 2265 inferuntur:

328 2456 360 2515 ¹)
392 2459 475 2502 Vel
503 2461 691 2502 levitatis
722 2460 794 2502 vel
824 2460 1079 2514 praeiudicii
1098 2473 1189 2502 non
1211 2460 1316 2501 boni
1346 2460 1555 2501 iudicium
1586 2460 1709 2511 foret,
1741 2459 1931 2513 infitiari,
1964 2462 2223 2515 exemplaris

150 2533 287 2575 instar
317 2533 528 2575 ecclesiae
559 2535 603 2575 in
631 2535 708 2576 VI.
739 2535 924 2576 nicaeno
969 2548 1134 2576 canone
1178 2535 1481 2588 praestitutam
1523 2534 1751 2574 ecclesiam
1797 2534 1931 2575 fuisse
1975 2543 2324 2578 romanaz‘nzc'an.
2354 2542 2415 2577 VI.
2445 2542 2585 2575 nicaen.

148 2605 279 2660 idque
310 2619 397 2647 non
426 2606 698 2647 alexandrini
727 2611 894 2648 tantum
924 2607 1255 2660 patriarchatus,
1289 2607 1365 2647 sed
1397 2606 1644 2647 antiocheni
1674 2607 1836 2659 pariter
1877 2620 1960 2648 nec
2005 2621 2095 2648 non
2124 2608 2224 2648 reli-

151 2691 333 2732 quorum
380 2678 688 2719 exarchatuum
727 2679 1134 2735 provinciarumque
1175 2679 1583 2721 ecclesiasticarum.
1643 2678 1768 2719 Haec
1809 2692 1919 2732 quae
1961 2680 2090 2720 obvia
2130 2694 2226 2721 ver-

148 2749 302 2792 borum
332 2751 729 2804 sententiarumque
761 2752 1034 2792 enarratione
1081 2753 1383 2803 continentur,
1434 2752 1579 2805 gravis
1631 2752 1898 2792 erudit-orum
1943 2753 2226 2806 interpretum

147 2823 380 2863 auctoritas
425 2822 672 2874 confirmat,
718 2823 782 2863 uti
822 2827 889 2864 est
932 2824 1049 2877 apud
1088 2824 1272 2877 Phillips
1302 2825 1386 2867 iur.
1430 2838 1531 2867 can.
1572 2829 1604 2868 t.
1635 2825 1694 2868 ΙΙ.
1742 2839 1780 2869 c.
1813 2823 1853 2869 8.
1887 2827 1952 2877 ἐξ,
1984 2824 2055 2867 69.
2087 2839 2152 2879 sq.
2184 2829 2228 2866 et

148 2894 264 2949 apud
292 2893 446 2935 Hefele
476 2894 576 2938 hist.
609 2907 731 2938 conc.
749 2899 780 2938 t.
799 2896 835 2939 I.
853 2909 922 2949 pp.
941 2893 1040 2939 371.
1060 2909 1154 2949 sqq.
1172 2909 1314 2949 neque
1338 2891 1468 2937 meris
1490 2896 1567 2937 illa
1589 2897 1908 2938 adsertionibus
1939 2898 2107 2951 absque
2137 2898 2227 2938 ulla

148 2965 402 3020 probatione
433 2966 746 3018 convelluntur,
794 2967 857 3007 uti
897 2971 963 3008 est
1002 2968 1118 3021 apud
1149 2968 1323 3009 Pichler
1351 2969 1382 3012 l.
1416 2982 1453 3012 c.
1485 2983 1558 3023 pp.
1593 2968 1693 3013 110.
1726 2983 1822 3023 sqq.
1863 2970 2227 3023 quemadmodum

150 3042 298 3080 contra
328 3037 587 3080 Salmasium
618 3039 693 3080 diu
723 3040 1017 3093 propugnavit
1053 3040 1355 3094 theologorum
1386 3041 1515 3082 facile
1562 3043 1767 3096 princeps
1799 3043 1986 3096 Dionys.
2018 3043 2226 3083 Petavius

149 3109 203 3151 de
233 3110 470 3152 ecclesiast.
501 3110 715 3154 hierarch.
748 3111 779 3154 1.
810 3111 891 3155 III.
925 3125 961 3152 c.
997 3108 1036 3155 7.

322 3180 357 3237 ²)
388 3182 526 3224 Aliter
553 3184 747 3238 profecto
779 3176 854 3238 qui
898 3197 1042 3225 rerum
1094 3188 1262 3225 tantum
1315 3185 1516 3227 corticem
1571 3186 1661 3227 fere
1712 3187 1995 3242 spectaverit,
2029 3190 2073 3227 et
2100 3187 2227 3227 aliter

151 3257 300 3312 quiin
330 3270 479 3299 earum
520 3271 692 3312 quoque
722 3258 927 3298 nucleum
973 3258 1117 3311 ipsum
1162 3258 1520 3312 investigaverit:
1562 3259 1624 3299 ita
1656 3259 1784 3299 simili
1827 3259 2013 3312 quadam
2057 3259 2225 3300 ratione
2240 3251 2586 3326 ἱῖξέᾝυζνέἐᾳὲζ

150 3329 276 3372 aliter
321 3331 397 3384 qui
425 3331 599 3371 intimas
631 3344 776 3372 rerum
822 3331 1023 3382 rationes,
1074 3333 1117 3370 et
1162 3331 1288 3372 aliter
1332 3331 1407 3384 qui
1452 3331 1661 3372 historica
1707 3332 1881 3372 illarum
1925 3332 2228 3385 phaenomena
2343 3338 2479 3369 modus.

151 3402 482 3456 contemplando
543 3403 904 3443 consideraverit:
971 3403 1016 3443 in
1076 3404 1222 3456 priora
1266 3404 1343 3444 illa
1390 3417 1501 3458 quae
1559 3417 1664 3444 sane
1722 3405 1891 3457 potiora
1942 3408 2055 3454 sunt,
2102 3407 2226 3444 vetu—

150 3473 300 3515 stiores
329 3476 515 3516 maxime
547 3480 671 3517 erant
699 3474 1009 3524 μεταφυσικῶς·
1040 3476 1347 3529 sapienterque
1377 3477 1546 3528 intenti,
1580 3477 1686 3529 quin
1734 3480 1881 3516 tamen
1911 3489 1990 3529 pro
2021 3489 2101 3517 sua
2133 3476 2226 3529 qui-

150 3557 232 3599 que
280 3547 448 3588 ratione
495 3547 606 3589 haec
651 3548 845 3589 secunda
908 3549 1082 3602 penitus
1133 3548 1427 3602 neglexerint3
1491 3549 1537 3588 in
1583 3550 1668 3589 ista
1713 3562 1841 3605 vem,
1885 3562 1996 3602 quae
2044 3562 2098 3590 ex
2140 3549 2229 3589 illis

0 3627 29 3676 '5³‘
150 3618 341 3671 pendent
370 3623 413 3661 et
443 3620 560 3660 circa
591 3620 742 3662 eadem
772 3621 1087 3674 propemodum
1116 3623 1180 3661 uti
1198 3622 1318 3662 'circa
1337 3621 1542 3662 nucleum
1564 3625 1712 3662 cortex
1731 3624 1973 3673 versantur,
2005 3622 2228 3674 sequiores

0 3678 19 3700 ’ἃ
150 3689 382 3744 plurimum
411 3692 617 3733 historice
647 3706 701 3734 ac
730 3706 818 3734 non
848 3706 947 3734 raro
979 3690 1259 3743 φυσιολόγων
1280 3694 1335 3734 ad
1357 3695 1495 3734 instar
1514 3694 1762 3747 inquirunt,
1810 3706 1953 3746 neque
1984 3692 2067 3733 hoc
2097 3692 2228 3732 inuti·

150 3761 270 3815 liter,
301 3763 532 3806 dummodo
564 3765 714 3806 ordine
745 3765 822 3806 fiat
852 3779 903 3806 ac
933 3767 1026 3817 via,
1065 3780 1150 3820 qua
1181 3767 1405 3820 superiora
1435 3767 1511 3807 illa
1540 3780 1629 3807 non
1661 3766 1947 3808 excludantur
1977 3765 2230 3819 simpliciter

150 3846 292 3889 neque
320 3840 484 3879 temere
529 3838 847 3892 inpugnentur‚
894 3839 970 3880 sed
1001 3852 1143 3894 neque
1174 3840 1220 3878 in
1252 3839 1456 3880 secundis
1487 3840 1662 3880 omnino
1693 3839 1956 3889 habeantur,
2003 3850 2146 3891 neque
2180 3841 2230 3878 ut

151 3908 443 3960 praesentium
472 3922 783 3964 progressuum
813 3913 1067 3966 nostrorum?
1084 3963 1086 3965 v
1106 3911 1343 3952 commodis
1392 3912 1639 3965 nostrisque
1670 3910 1911 3951 rationibus
1953 3910 2095 3951 minus
2124 3914 2229 3964 apta.

139 3991 206 4021 ‘ac
233 3980 370 4023 veluti
398 3981 578 4037 indigna
608 3987 885 4038 spernantur.

1886 4070 1912 4117 9
