2626 4432
19 899 205 1009 Societgts
244 922 355 957 salu-

174 984 221 1009 ιε.

84 1436 351 1479 Auyustimw.

15 2738 144 2773 Actus
163 2740 352 2775 sociales.

43 3609 247 3646 nonestus
286 3623 354 3648 so-

46 3661 205 3697 cretatis
247 3664 349 3708 finis.

1226 177 1583 232 „18-

376 347 446 399 ita
484 346 864 412 Apostolorum
918 341 1207 410 principem
1257 335 1568 404 compellat,
1623 331 1927 384 beatissime
1975 331 2135 384 Petre
2173 329 2442 401 Apostole

378 439 557 490 venire
597 452 699 488 non
741 436 972 488 metuis?
1036 432 1322 484 Enimvero
1362 430 1557 480 factum
1595 425 1718 476 inde
1757 430 1866 490 est,
1924 431 2011 492 „ut
2041 421 2060 454 ¹
2099 424 2272 477 Roma
2306 441 2443 493 gens

377 535 587 594 sancta,
623 528 850 595 populus
886 527 1118 590 electuS‚
1160 523 1346 574 civitas
1387 517 1737 571 sacerdotalis
1776 523 1830 569 et
1863 518 2042 584 regia,
2092 535 2192 586 per
2230 534 2440 572 sacram

377 622 516 672 beati
554 619 693 670 Petri
743 618 922 669 sedem
977 621 1135 683 eaput
1187 614 1334 666 orbis
1373 612 1564 663 effecta
1610 610 1765 661 latius
1804 610 2142 678 praesideret
2180 611 2440 678 religione

375 713 577 774 divina,
620 725 771 775 quam
813 707 1166 759 dominatione
1205 711 1466 768 terrena„

516 866 595 917 22.
626 864 840 916 Scilicet
878 864 930 915 in
956 878 1173 914 romana
1202 861 1419 925 unitate,
1459 858 1541 911 cui
1566 864 1784 926 praeest
1811 857 2009 911 Christi
2037 859 2297 924 vicariuS,
2339 858 2441 911 sita

371 960 450 1010 vis
475 965 555 1009 est
582 956 841 1009 ecclesiae
867 955 1186 1019 catholicae,
1225 954 1275 1004 in
1306 970 1369 1012 ea
1394 952 1664 1003 obtinetur
1694 952 1823 1019 vita,
1863 955 1932 1005 ob
1959 968 2115 1019 quam
2141 952 2440 1005 hominibus

370 1049 691 1102 afferendam
733 1048 973 1100 Christus
1012 1048 1129 1115 ipse
1153 1044 1174 1078 2
1212 1047 1424 1098 venisse
1465 1061 1525 1097 se
1554 1045 1812 1098 affirmat:
1853 1046 1906 1098 in
1938 1047 2030 1099 illa
2057 1047 2324 1099 obtinetur
2350 1062 2439 1098 sa-

369 1145 471 1210 luS‚
512 1159 679 1210 quam·
706 1141 1043 1194 credentibus
1072 1137 1093 1171 3
1144 1141 1282 1191 idem
1324 1138 1580 1190 Salvator
1616 1140 1857 1206 promisit
1895 1156 2102 1208 perque
2136 1128 2440 1208 'Apostolos

369 1238 627 1290 universis
666 1238 913 1303 gentibus
951 1237 1262 1287 annuntiare
1314 1235 1463 1286 fecit:
1516 1243 1677 1301 atque
1722 1234 1775 1285 in
1826 1234 2016 1286 eadem
2065 1234 2241 1286 omnia
2278 1249 2440 1302 prae-

369 1333 583 1396 bentur,
624 1346 759 1396 quae
799 1330 1104 1396 redemptor
1137 1325 1159 1357 4
1197 1328 1265 1380 ad
1305 1331 1542 1381 membra
1580 1344 1709 1380 suae
1749 1327 2016 1380 ecclesiae
2055 1324 2440 1379 sanctificanda

368 1425 598 1476 instituit.
638 1423 773 1474 Hinc
802 1423 917 1490 ipsa
945 1422 1173 1490 „utique,
1199 1426 1254 1473 ut
1274 1418 1566 1488 Augustini
1587 1416 1608 1448 ⁵
1634 1420 1995 1488 paraeneticis
2019 1420 2201 1472 verbis
2215 1426 2440 1485 utamur,

367 1518 709 1583 gestatorium
751 1516 837 1566 vel
875 1515 1129 1567 ferculum
1169 1514 1310 1582 apud
1346 1512 1690 1566 Salomonem
1729 1510 1750 1544 ὃ
1783 1513 2021 1580 dicatur,
2060 1529 2160 1582 pro
2190 1529 2256 1565 eo
2296 1512 2440 1580 quod

367 1611 565 1661 animas
599 1609 859 1660 hominum
902 1608 969 1659 ad
1003 1610 1202 1661 aeterni
1231 1609 1379 1677 regis
1419 1615 1595 1676 gestet
1621 1609 1709 1661 vel
1749 1609 1889 1661 ferat
1921 1609 2237 1662 convivium.
2295 1607 2439 1661 Con-

366 1708 620 1769 gruenter
656 1702 814 1768 igitur
853 1709 1068 1769 sportae
1108 1703 1318 1754 nomine
1368 1703 1524 1754 etiam
1583 1708 1764 1770 potest
1798 1703 2010 1769 vocari,
2063 1719 2199 1770 quae
2240 1719 2272 1754 a
2310 1716 2439 1770 por-

366 1795 552 1862 tando,
605 1795 739 1847 sicut
778 1795 934 1847 etiam
967 1795 1334 1863 exportando,
1386 1797 1708 1848 vocabulum
1761 1798 1951 1864 trabit3
2012 1797 2134 1864 quia
2187 1796 2440 1849 videlicet

366 1890 551 1937 sancta
588 1885 816 1938 ecclesia
875 1902 972 1954 per
1021 1902 1208 1940 sacrae
1258 1888 1677 1956 praedicationis
1717 1888 1972 1954 studium,
2030 1906 2126 1959 per
2179 1892 2439 1942 bonorum

365 1978 601 2044 quotidie
638 1980 883 2047 exempla
923 1981 1183 2045 virorum,
1233 1981 1434 2033 animas
1473 1980 1708 2034 fidelium
1759 1981 1826 2033 de
1867 1982 2046 2034 mundi
2084 1989 2302 2052 ereptas
2338 1982 2439 2034 ini-

365 2070 565 2136 quitate
603 2071 672 2123 ad
711 2088 957 2124 mansura
997 2088 1208 2140 semper
1247 2075 1497 2127 coelestis
1550 2076 1759 2144 patriae
1799 2076 1998 2143 gaudia
2047 2082 2267 2145 portare
2307 2091 2436 2129 con-

364 2164 566 2230 suevit3
606 2180 709 2230 quo
736 2165 892 2216 etiam
930 2172 984 2217 et
1011 2181 1106 2218 nos
1146 2167 1274 2219 ferri
1302 2170 1621 2221 mereamur!
1660 2176 1974 2238 praestante
2001 2169 2226 2222 Domino
2254 2176 2438 2222 nostro

362 2255 493 2308 Jesu
525 2256 771 2324 Christo,
814 2260 901 2325 qui
940 2269 1054 2311 cum
1095 2260 1255 2312 Patre
1295 2267 1349 2313 et
1389 2260 1592 2331 Spiritu
1633 2269 1820 2316 sancto
1849 2264 1980 2316 vivit
2018 2270 2072 2317 et
2110 2271 2303 2331 regnat
2338 2279 2439 2332 per

365 2349 536 2400 omnia
575 2351 788 2402 saecula
829 2352 1176 2405 saeculorum.
1253 2351 1479 2424 Amen„
1843 2355 1845 2357 ’
2090 2360 2092 2362 ’

474 2566 562 2618 IV.
602 2568 835 2622 Romana
865 2571 1078 2624 visibitis
1117 2575 1290 2626 unitas
1328 2574 1510 2626 sociali
1545 2572 1646 2638 {ide
1677 2575 1993 2639 caritateque
2025 2574 2327 2624 continetur.

511 2727 592 2778 23.
628 2724 898 2778 Communi
938 2730 1205 2780 societatis
1247 2729 1367 2796 fini,
1424 2731 1511 2797 qui
1564 2731 1805 2782 omnibus
1856 2737 2015 2798 atque
2054 2729 2277 2796 singulis
2316 2727 2435 2795 ejus

369 2819 613 2869 membris
651 2821 952 2885 necessario
986 2820 1005 2852 ⁷
1043 2814 1349 2890 propositus
1377 2831 1484 2890 est,
1526 2824 1615 2877 VI.
1651 2823 1977 2892 respondeat
2011 2828 2226 2891 oportet
2249 2823 2432 2874 huma-

428 3073 430 3076 ’
490 3088 503 3115 1
535 3088 597 3131 lb.
630 3102 666 3132 ο.
702 3092 739 3132 1.

485 3158 503 3185 ²
532 3160 636 3204 Joh.
669 3163 721 3206 X.
756 3165 823 3205 10.

370 3304 423 3345 13
486 3233 504 3260 ³
533 3233 672 3276 Marc.
705 3236 820 3279 XVI.
855 3239 922 3280 16.
975 3240 1111 3284 Hebr.
1144 3243 1197 3285 V.
1230 3244 1269 3285 9.
1315 3244 1415 3287 Act.
1449 3244 1520 3287 IV.
1559 3246 1622 3288 ¹2.
1667 3245 1795 3288 Rom.
1828 3245 1882 3288 X.
1924 3247 1972 3288 13
2004 3258 2101 3301 sqq.
2152 3245 2166 3286 I
2214 3244 2324 3288 Tim.
2358 3244 2432 3287 IV.

454 3317 552 3360 sqq·

485 3376 503 3404 ¹*
535 3378 695 3422 Matth.
728 3380 925 3426 XXVIII.
957 3385 1013 3428 28
1045 3399 1139 3442 sqq.

486 3449 503 3477 ⁵
534 3450 633 3494 Ser.
665 3453 853 3499 CLXllI.
883 3470 924 3498 n.
959 3459 996 3500 6.
1030 3472 1100 3515 ap.
1133 3460 1224 3503 Mai
1254 3462 1306 3504 N.
1339 3462 1426 3506 ΡΡ.
1460 3462 1557 3506 Bib.
1592 3467 1622 3506 t.
1657 3463 1685 3505 l.
1719 3475 1760 3519 p.
1793 3463 1894 3505 367.

486 3522 505 3550 ⁶
535 3523 661 3568 Cant.
693 3526 763 3569 Ill.
794 3529 831 3570 9.

457 3664 467 3671 ⁶
488 3594 505 3620 ⁷
535 3594 761 3640 Societati
792 3612 982 3657 namque
1028 3604 1170 3649 cuivis
1207 3607 1502 3652 intrinsecum
1537 3610 1756 3663 habetur,
1801 3615 1850 3654 ut
1882 3610 2132 3654 communis
2174 3609 2234 3652 sit
2264 3608 2428 3652 civium

371 3677 660 3743 sociorumve
692 3666 808 3714 finis.
871 3673 910 3715 Is
942 3687 1056 3719 vero
1082 3677 1227 3739 ‘s1cuti
1256 3680 1478 3725 honestus
1511 3682 1571 3725 sit
1603 3687 1820 3738 oportet,
1855 3683 1921 3726 ita
1953 3681 2215 3725 nullatenus
2244 3681 2302 3724 ab
2335 3693 2429 3723 om-

372 3736 502 3780 nibus
534 3743 606 3782 est
637 3742 793 3786 eadem
827 3746 1007 3790 ratione
1039 3753 1369 3806 procurandus.
1429 3754 1488 3798 Et
1519 3754 1642 3811 quod
1689 3755 1746 3798 ad
1779 3755 1893 3798 illud
1937 3758 2141 3811 spectat,
2179 3753 2284 3809 ipso
2322 3756 2429 3797 actu

371 3820 460 3862 quo
491 3812 690 3856 societas
721 3815 880 3872 initur,
913 3820 1142 3878 obligatio
1174 3824 1231 3867 ad
1262 3837 1541 3870 communem
1571 3825 1707 3870 finem
1748 3826 2091 3883 procurandum
2123 3825 2427 3870 contrabitur.
2498 3819 2512 3834 ⁶

372 3879 508 3958 Atqui
538 3883 737 3930 absurda
768 3893 839 3932 est
872 3891 1099 3950 obligatio
1132 3896 1191 3939 ad
1214 3896 1327 3940 illud
1352 3901 1689 3954 procurandum
1707 3901 1830 3958 quod
1853 3900 2144 3945 inhonestum
2167 3903 2250 3944 est.
2300 3899 2427 3946 Unde

371 3950 461 4008 dig.
494 3967 529 3996 c.
563 3957 630 3999 57.
667 3960 784 4014 „Pro
816 3964 972 4008 socio“
1008 3966 1195 4015 dicitur:
1246 3970 1324 4026 „Si
1353 3968 1568 4016 maleficii
1599 3973 1802 4017 societas
1835 3973 1959 4018 coita
1989 3974 2073 4030 sit,
2114 3975 2298 4018 constat
2329 3972 2427 4017 nul·
