2716 4446
1341 122 1743 180 —160—

508 288 679 338 rensis
732 287 1042 353 episcopus:
1100 283 1453 352 „Universam
1508 285 1824 338 catholicam
1875 281 2160 334 ecclesiam
2198 282 2251 333 in
2290 281 2374 333 his
2413 279 2581 349 (quae

508 378 574 430 ad
610 379 935 429 voluntatem
976 378 1450 444 operationemque
1488 375 1779 428 divinitatis
1817 380 1868 426 et
1906 373 2246 425 humanitatis
2283 373 2335 424 in
2364 372 2580 426 Christo

506 467 782 536 spectant)
821 469 1260 521 conturbantibus
1312 468 1616 520 memoratis
1668 468 1799 519 viris
1839 460 2162 534 (Theodoro
2210 466 2581 534 pharanitano,

507 560 653 629 Cyro
693 561 1059 626 alexandrino,
1116 559 1312 627 Sergio
1351 560 1933 628 constantinopolitano
1970 574 2072 611 nec
2118 573 2224 610 non
2264 557 2476 626 Pyrrho
2526 563 2582 610 et

505 652 703 721 Paulo)
745 695 754 705 .
797 696 806 706 .
847 695 858 706 .
898 654 1187 721 aliquando
1216 653 1428 721 quidem
1467 669 1659 720 aquam
1699 643 1972 720 capitijet
1999 652 2167 704 oculis
2198 652 2374 704 fontes
2397 652 2580 719 lacry-

506 764 703 799 marum
755 748 1167 814 exquirebamus
1207 747 1405 813 ubique
1444 761 1628 799 omnes
1667 745 1858 798 fideles
1884 744 2191 818 hujusmodi
2211 745 2460 797 miseram
2486 760 2579 798 ca·

506 840 794 893 lamitatem
832 841 1131 908 plorantes3
1182 839 1471 906 aliquando
1510 847 1686 892 autem
1729 856 1934 908 pennas
1973 841 2251 892 columbae
2290 839 2580 892 secundum

506 935 718 985 beatum
758 933 948 999 David,
1002 940 1059 986 ut
1112 935 1353 988 volemus
1408 941 1463 988 et
1517 936 1888 988 annuntiemus
1944 935 2082 988 haec
2130 934 2304 986 omnia
2353 934 2580 987 omnium

148 1047 333 1081 Romana
369 1047 490 1106 fades
507 1027 853 1095 praepositae
892 1027 1024 1094 sedi,
1064 1028 1184 1081 dico
1227 1035 1402 1082 autem
1441 1045 1677 1082 summae
1715 1035 1932 1082 vestrae
1971 1034 2026 1080 et
2062 1026 2348 1096 principali
2373 1017 2611 1079 adme?

148 1097 736 1190 ,ςαᾞξιῖῗξὲἕῇῑᾱίοἰηειὶο
778 1122 1078 1174 consultum
1118 1123 1312 1174 emersi
1350 1122 1617 1175 vulneris:
1673 1123 1873 1190 quippe
1913 1121 2160 1188 quoniam
2197 1119 2304 1172 hoc
2339 1125 2581 1187 potesta—

254 1199 376 1245 '’‘²¹²'³·
506 1214 614 1265 tive
655 1215 776 1267 olim
818 1221 872 1266 et
910 1217 977 1267 ab
1018 1216 1306 1282 antiquitus
1343 1216 1525 1268 facere
1563 1231 1664 1283 per
1711 1215 2061 1282 apostolicam
2108 1214 2223 1265 sive
2270 1212 2580 1267 canonicam

507 1309 786 1377 consuevit
822 1309 1221 1361 auctoritatem:
1262 1309 1384 1361 dum
1424 1315 1613 1377 aperta
1652 1308 2020 1362 lucubratione
2058 1321 2164 1358 non
2199 1306 2370 1359 solum
2397 1306 2602 1372 claves*

505 1403 659 1470 regni
699 1403 970 1456 coelorum
1011 1403 1241 1456 traditae
1280 1408 1402 1455 sunt
1439 1402 1503 1466 ei,
1555 1407 1715 1469 atque
1752 1402 1871 1470 ipse
1912 1399 2275 1453 tantummodo
2328 1399 2399 1451 ad
2450 1415 2582 1468 ape-

505 1496 744 1549 riendum
784 1513 877 1548 eas
915 1496 1163 1550 fidelibus
1202 1495 1414 1564 quidem
1455 1495 1632 1564 digne,
1672 1494 1882 1546 minime
1921 1499 2094 1549 autem
2127 1491 2414 1559 evangelio
2452 1507 2580 1570 gra-

506 1590 612 1642 tiae
665 1590 1027 1643 credentibus
1056 1590 1205 1659 juste
1258 1589 1513 1643 claudere
1566 1604 1792 1656 magnus
1847 1586 2140 1640 secundum
2194 1585 2474 1637 veritatem
2525 1590 2581 1637 et

506 1684 760 1751 princeps
799 1681 1188 1750 Apostolorum
1226 1683 1418 1736 meruit
1455 1683 1673 1735 Petrus:
1713 1681 1810 1734 sed
1852 1681 2008 1733 etiam
2046 1686 2101 1733 et
2125 1694 2353 1748 pascere
2379 1678 2582 1747 primus

147 1788 300 1849 Petrus
341 1790 491 1833 pastor
508 1782 590 1828 est
619 1776 809 1844 jussus
861 1791 995 1829 oves
1042 1777 1341 1830 catholicae
1393 1775 1658 1830 ecclesiae
1711 1790 1828 1827 cum
1870 1774 2124 1834 Dominus
2156 1770 2175 1803 ¹
2213 1771 2366 1826 dicit:
2420 1770 2594 1824 Petre'

147 1840 400 1927 οαιὴέἷζξῗξθ,
423 1850 491 1877 ‘³⁶'
508 1883 655 1919 amas
693 1868 821 1920 me?
872 1868 1044 1921 Pasce
1081 1883 1212 1920 oves
1251 1884 1412 1920 meas,
1485 1867 1556 1921 Et
1592 1867 1780 1920 iterum
1811 1862 1832 1896 ²
1869 1866 1986 1934 ipse
2025 1865 2314 1934 praecipue
2351 1879 2418 1917 ac
2454 1879 2581 1932 spe·
2627 1875 2629 1877 ’

508 1959 715 2012 cialiter
755 1958 958 2012 firmam
997 1977 1131 2029 prae
1170 1963 1413 2014 omnibus
1462 1961 1668 2013 habens
1715 1961 1768 2011 in
1809 1959 2085 2012 Dominum
2122 1957 2291 2010 Deum
2339 1963 2580 2009 nostrum

506 2058 560 2104 et
596 2053 975 2105 immutabilem
1013 2052 1190 2121 fidem,
1230 2060 1549 2108 convertere
1589 2053 1876 2120 aliquando
1926 2059 1981 2105 et
2027 2051 2346 2104 confirmare
2391 2049 2580 2116 exagi-

505 2152 647 2197 tatos
687 2153 969 2198 consortes
1007 2162 1135 2200 suos
1174 2154 1229 2200 et
1265 2149 1571 2217 spirituales
1608 2147 1800 2199 meruit
1847 2147 2070 2199 fratres:
2127 2150 2313 2214 utpote
2363 2144 2580 2212 dispen-

506 2240 679 2291 sative
718 2256 883 2307 super
921 2255 1105 2293 omnes
1144 2243 1211 2294 ab
1249 2242 1371 2310 ipso
1410 2243 1500 2309 qui
1537 2247 1763 2310 propter
1800 2255 1898 2292 nos
1949 2241 2255 2293 incarnatus
2300 2243 2384 2293 est
2417 2235 2579 2304 θεας,

505 2339 823 2400 potestatem
866 2335 1135 2404 accipiens
1176 2342 1231 2388 et
1268 2336 1660 2389 sacerdotalem
1693 2335 2111 2402 auctoritatem„
2187 2331 2357 2400 Atqui
2379 2331 2468 2384 vel
2494 2331 2578 2404 his

504 2427 861 2495 amplissimae
900 2429 1174 2500 orientalis
1212 2430 1477 2483 ecclesiae
1501 2430 1745 2484 doctrina
1766 2428 2135 2495 sentiendique
2159 2426 2295 2480 ratio
2323 2425 2392 2479 de
2417 2414 2579 2494 prae-

1514 2597 1523 2622 f

505 2696 627 2754 φαλῇ
663 2698 737 2739 καὶ
777 2702 869 2746 τοῖς
910 2693 1175 2756 ὀφθαλμοῖς
1214 2696 1362 2756 πηγὰς
1408 2694 1615 2758 δακρύων
1661 2697 1949 2755 ἐπεζητοῦμεν
1987 2692 2063 2754 τῆς
2096 2695 2281 2752 ἐλεεινῆς
2312 2696 2577 2755 συμφοροῖς·

503 2767 612 2810 ποτε
658 2767 706 2810 δὲ
747 2770 974 2828 πτέρυγας
1020 2772 1287 2829 περιστερᾶς
1333 2768 1447 2814 κατὰ
1477 2770 1553 2814 τὸν
1585 2772 1715 2815 ’θεῖον
1747 2769 1904 2829 Δαβὶδ,
1937 2770 2007 2814 ἵνα
2039 2770 2343 2824 πετασθαῒμεν
2374 2769 2448 2811 καὶ
2479 2765 2579 2810 δια-

504 2839 811 2897 ναγγέλλωμεν
841 2844 980 2883 ταῦτα
1012 2839 1062 2899 τῇ
1093 2845 1251 2884 πασῶν
1275 2837 1482 2902 ἀρχούσῃ
1504 2847 1578 2887 καὶ
1602 2842 1893 2903 ὑπερκειμένη
1917 2842 2144 2903 καθέδρᾳ,
2176 2843 2289 2903 λέγω
2321 2840 2371 2884 δὲ
2393 2846 2447 2899 τῇ
2465 2835 2587 2883 aea-9¹⁷

503 2909 624 2968 ὑμᾶς
657 2916 886 2972 κορυφαίᾳ
918 2915 991 2956 καὶ
1023 2912 1256 2974 ὑπερφυεῖ,
1299 2915 1415 2974 πρὸς
1447 2913 1524 2972 τὴν
1555 2922 1635 2959 τοῦ
1663 2915 1926 2972 σύμπαντος
1957 2918 2078 2959 ἴασιν
2107 2912 2392 2974 τραύματος·
2419 2909 2576 2968 ’ἐπειδὴ

504 2991 631 3028 τοῦτο
674 2981 883 3044 πράττειν
925 2985 1286 3042 ἐξουσιαστικώς,
1333 2985 1513 3031 ἄνωθεν
1544 2991 1618 3032 καὶ
1653 2988 1702 3041 ἐξ
1733 2986 1878 3049 ἀρχῆς
1910 2988 1959 3040 ἐξ
1989 2985 2286 3046 ᾇποστολικῆς
2319 2982 2416 3041 ἤτοι
2445 2999 2579 3028 κανο-

504 3061 623 3114 νικῆς
671 3060 833 3102 εἴωθεν
879 3056 1150 3110 αὐθεντίας·
1198 3058 1314 3105 διότι
1357 3059 1598 3121 προδήλως
1639 3058 1692 3105 οὗ
1723 3060 1862 3119 μόνον
1894 3059 1974 3110 τὰς
2003 3061 2118 3110 κλεῖς
2149 3062 2226 3115 τῆς
2257 3060 2344 3102 τω”ν
2374 3053 2577 3117 οὐρανῶν

504 3132 820 3187 πιστευθῆναι,
866 3130 1005 3189 μόνος
1049 3130 1178 3192 παρὰ
1223 3131 1396 3184 πάντας
1427 3135 1488 3184 εἰς
1518 3132 1568 3178 τὸ
1602 3132 1808 3194 ἀνοίγειν,
1840 3132 2004 3184 ταύτας
2035 3136 2108 3176 καὶ
2140 3133 2295 3176 κλείειν
2327 3128 2467 3184 ἀξίως
2497 3129 2578 3186 μὲν

506 3210 597 3253 τοῖς
628 3204 928 3261 πιστεύουσιν,
976 3205 1160 3256 ἐκδίκως
1192 3206 1242 3249 δὲ
1272 3212 1367 3256 τοῖς
1398 3203 1642 3251 ἀπιστοῦσι
1671 3212 1736 3264 τῷ
1761 3203 2003 3263 εὐαγγελίῳ
2036 3205 2114 3262 τῆς
2145 3203 2348 3264 χάριτος,
2381 3200 2405 3248 ὁ
2434 3205 2578 3264 μέγας
2623 3197 2626 3200 ⁴

506 3273 691 3332 ἀληθῶς
720 3280 795 3320 καὶ
822 3284 1070 3338 κορυφαῖος
1100 3284 1184 3323 τῶν
1216 3276 1480 3324 ἀποστόλων
1510 3276 1695 3335 ἠξίωται
1725 3282 1922 3340 Πέτρος’
1965 3277 2058 3323 ἀλλ’
2103 3277 2172 3324 ὅτι
2212 3281 2286 3322 καὶ
2324 3278 2578 3334 ποιμαίνειν

504 3355 683 3408 πρῶτος
713 3347 939 3410 ἐπετράπη
970 3348 1025 3394 τὰ
1055 3350 1266 3411 πρόβατα
1297 3350 1445 3408 πάσης
1475 3359 1554 3412 τῆς
1577 3353 1826 3409 καθολικῆς
1849 3352 2089 3408 ἐκκλησίας.
2151 3351 2296 3410 Πέτρε
2317 3346 2422 3408 γάρ,
2454 3355 2577 3403 φησι,

506 3423 648 3476 φιλεῖς
693 3437 770 3478 με,·
815 3426 1025 3480 ποίμαινε
1065 3423 1121 3467 τὰ
1153 3422 1362 3484 πρόβατά
1392 3441 1504 3482 μου·
1535 3428 1609 3469 καὶ
1638 3427 1792 3483 μέντοι
1823 3422 1958 3468 πάλιν
1988 3421 2082 3467 κατ’
2117 3423 2344 3480 ἐξαίρετον
2371 3420 2576 3479 ἰδιοπροὲ

506 3492 671 3544 σώπως
702 3492 837 3544 αὐτὸς
867 3496 1156 3556 βεβαιοτέραν
1186 3499 1304 3554 ἔχων
1334 3494 1447 3558 ὑπὲρ
1480 3496 1653 3549 πάντας
1683 3497 1762 3554 τὴν
1807 3499 1869 3548 εἰς
1904 3494 2046 3541 αὐτὸν
2068 3495 2143 3540 τὸν
2173 3493 2326 3556 κύριον
2358 3492 2480 3550 ἡμῶν
2503 3493 2577 3534 καὶ

507 3562 837 3624 ἀμετάτρεπτον
868 3572 1028 3622 πίστιν,
1070 3570 1357 3630 ἐπιστρέψειν
1387 3571 1495 3615 ποτὲ
1525 3573 1599 3614 καὶ
1629 3569 1938 3631 ὖποστηρίζειν
1969 3569 2296 3626 σαλευομένους
2330 3564 2439 3615 τοὺς
2468 3561 2576 3621 ὄμο-

507 3644 655 3695 ταγεῖς
700 3636 827 3697 αὐτῷ
866 3643 938 3683 καὶ
979 3641 1304 3699 πνευματικοὺς
1345 3640 1568 3699 ἀδελφοὺς
1600 3641 1673 3687 οἶα
1705 3647 2006 3704 προνοητικῶς
2037 3642 2110 3685 ἐπὶ
2141 3638 2319 3684 πάντων
2349 3635 2497 3682 αὐτοῖν
2526 3635 2577 3689 ἒξ

508 3707 649 3754 αὐτοῦ
674 3718 755 3755 τοῦ
781 3710 839 3755 δι’
871 3711 994 3770 ἡμῶν
1025 3716 1346 3774 σαρκωθέντος
1377 3713 1497 3760 θεοῦ
1526 3714 1577 3759 τὸ
1608 3722 1742 3776 κῦρος
1773 3716 2112 3772 κεκοσμημένος,
2143 3714 2217 3756 καὶ
2244 3709 2323 3768 τὴν
2353 3711 2576 3771 ἱερατικζν

509 3781 765 3828 αὐθεντίαν.

628 3857 644 3884 1
673 3857 777 3900 Joh.
808 3859 928 3904 XXI.

627 3927 645 3955 ²
675 3929 778 3973 Luc.
813 3931 951 3974 XXII.
983 3933 1054 3975 34.
