2716 4446
1065 180 1404 244 ...333-

120 371 126 376 ‚
190 325 398 385 Zosimi
435 326 515 384 sic
553 347 646 383 ore
686 325 952 400 loquitur:
1010 328 1123 382 Nos
1175 335 1359 382 tamen
1410 327 1671 380 instinctu
1723 324 1829 379 Dei
1887 326 2091 395 (omnia
2129 322 2272 380 enim

190 425 334 478 bona
372 423 440 476 ad
477 431 756 478 auctorem
795 441 954 476 suum
992 422 1280 474 referenda
1319 429 1459 488 sunt,
1501 420 1644 474 unde
1683 418 2004 492 nascuntur)
2062 419 2133 472 ad
2170 419 2273 472 fra-

190 526 333 571 trum
372 530 426 569 et
464 517 918 587 coepiscoporum
956 523 1268 568 nostrorum
1308 515 1699 567 conscientiam
1737 513 1918 566 omnia
1955 512 2275 566 retulimus?

189 609 529 663 Erraverunt
567 609 669 662 afri
709 609 952 679 episcopi
991 608 1059 660 ad
1101 608 1334 661 eundem
1361 626 1559 679 papam
1586 608 1867 660 Zosimum
1892 605 2271 675 rescribenteS‚

192 716 424 775 eumque
463 704 519 756 in
559 701 861 763 sententiae
903 719 1034 753 suae
1072 699 1233 752 huius
1274 700 1593 754 salubritate
1620 700 1907 753 laudantes
1936 717 2056 752 cum
2097 700 2270 754 aiunt:

190 795 335 852 Illud
372 815 519 864 vero,
581 795 727 867 quod
782 795 839 847 in
897 793 1093 846 litteris
1150 794 1277 861 tuis,
1338 812 1472 865 quas
1531 794 1603 847 ad
1640 794 1925 847 universas
1962 794 2274 864 provincias

191 890 392 944 curasti
431 907 551 942 esse
590 887 900 956 mittendaS‚
953 888 1188 958 posuisti
1234 887 1440 956 dicens,
1493 887 1605 940 Nos
1643 895 1829 940 tamen
1867 889 2128 940 instinctu
2165 887 2274 939 Dei

297 1026 309 1038 .
350 984 428 1036 sic
467 982 780 1053 accepimus
838 980 1059 1041 dictum,
1118 988 1178 1032 ut
1234 979 1358 1032 illos
1416 981 1510 1051 qui
1567 987 1758 1034 contra
1795 980 1905 1033 Dei
1943 981 2274 1034 adiutorium

190 1076 460 1131 extollunt
496 1075 719 1128 humani
758 1073 968 1127 arbitrii
1007 1073 1315 1127 libertatem
1356 1074 1602 1128 districto
1630 1073 1812 1144 gladio
1839 1077 2086 1128 veritatis
2123 1074 2276 1128 velut

192 1165 393 1224 cursim
423 1170 462 1243 ¹)
502 1171 774 1223 transiens
814 1175 1125 1239 amputares
1165 1207 1177 1219 .
1208 1208 1219 1220 .
1243 1209 1256 1221 .
1297 1168 1557 1220 instinctu
1596 1167 1706 1220 Dei
1744 1167 1945 1221 factum
1985 1187 2105 1221 esse
2143 1168 2274 1221 fide-

190 1264 316 1317 liter
354 1265 738 1336 sapienterque
777 1262 982 1329 vidisti,
1022 1262 1294 1315 veraciter
1330 1261 1668 1332 fidenterque
1709 1262 1947 1331 dixisti.„
2005 1261 2127 1328 Quo
2166 1280 2274 1315 uno

192 1359 501 1412 testimonio
541 1356 830 1428 complexa
852 1356 897 1428 ⁹)
936 1355 1169 1409 habetur
1208 1356 1481 1409 sententia
1510 1353 1740 1423 Galliae,
1780 1355 1992 1424 Italiae,
2033 1355 2273 1424 Africae,

190 1454 355 1504 immo
395 1458 450 1504 et
488 1451 712 1504 orientis
752 1450 818 1503 de
859 1450 1034 1503 sancti
1074 1449 1310 1520 Spiritus
1350 1450 1590 1517 numine,
1632 1468 1738 1520 quo
1765 1451 1822 1502 in
1847 1451 2108 1520 gravibus
2146 1450 2276 1503 fidei

190 1545 369 1598 causis
408 1562 666 1598 romanae
706 1543 851 1596 sedis
890 1544 1118 1596 antistes
1167 1549 1504 1613 temperatur
1555 1561 1620 1594 ac
1659 1544 1882 1612 regitur.
1945 1543 2106 1596 Unde
2144 1543 2273 1596 Pro-

191 1657 317 1710 sper
332 1637 384 1710 .³)
439 1638 583 1690 inter
637 1637 821 1690 varias
878 1635 947 1688 ab
998 1634 1247 1688 hostibus
1284 1634 1584 1705 Augustini
1638 1634 1920 1688 adhibitas
1959 1635 2181 1689 fraudes
2222 1643 2275 1688 et

189 1722 518 1801 multiplices
576 1730 874 1784 eorundem
930 1729 1157 1782 insidias
1215 1748 1284 1782 ne
1341 1729 1700 1800 praevaleant
1756 1730 2012 1800 3,confidit
2050 1730 2276 1783 Domini

190 1827 524 1896 protectione
581 1824 996 1895 praestandum;
1054 1831 1114 1896 ut
1171 1823 1318 1895 quod
1374 1831 1632 1894 operatus
1692 1833 1775 1877 est
1828 1826 1886 1878 in
1936 1825 2273 1892 InnocentiO,

191 1919 425 1987 Zosim0‚
464 1918 767 1986 Bonifaci0‚
810 1916 1141 1986 Coelestin0‚
1182 1925 1439 1989 operetur
1477 1925 1531 1970 et
1556 1920 1613 1971 in
1653 1916 1825 1986 Sixto,
1866 1926 1920 1971 et
1945 1919 2002 1971 in
2028 1918 2276 1972 custodia

191 2012 450 2066 dominici
505 2014 690 2083 gregis
747 2012 883 2064 haec
941 2012 1011 2064 sit
1066 2030 1192 2083 pars
1250 2011 1460 2082 gloriae
1517 2012 1644 2065 huic
1703 2019 1920 2066 servata
1956 2014 2175 2083 pastori,
2215 2019 2276 2065 ut

193 2109 332 2161 sicut
386 2106 469 2160 illi
523 2106 681 2177 lupos
743 2105 978 2176 abegere
1036 2106 1374 2174 manifestOS,
1434 2107 1512 2159 ita
1568 2105 1659 2158 hic
1699 2105 1941 2177 depellat
1979 2106 2269 2176 occultos„

190 2202 426 2273 Prosper
464 2201 628 2271 igitur
664 2200 1016 2271 pontificibus
1063 2201 1412 2271 quaestiones
1465 2200 1593 2253 fidei
1644 2200 2025 2253 dirimentibus
2063 2209 2274 2272 protec-

189 2297 392 2349 tionem
430 2294 671 2364 Domini,
727 2312 835 2365 qua
891 2294 1056 2347 iidem
1114 2294 1332 2347 haeresi
1388 2302 1442 2347 et
1498 2313 1680 2348 errore
1719 2293 1947 2365 depulso
1987 2296 2276 2348 veritatem

192 2389 518 2443 credendam
557 2388 770 2457 docent,
812 2387 1148 2442 confidenter
1185 2389 1506 2444 vindicavit.

369 2498 491 2551 351.
535 2497 643 2550 Sed
684 2496 830 2568 quod
869 2496 937 2549 ab
978 2498 1252 2568 episcopis
1304 2498 1589 2568 utriusque
1628 2496 1825 2568 plagae
1863 2498 1921 2550 in
1959 2516 2129 2552 unum
2167 2497 2275 2552 col-

191 2594 346 2648 lectis
385 2593 688 2664 profectum
741 2601 853 2660 est,
909 2592 1310 2646 efficacioribus
1367 2593 1425 2645 id
1474 2595 1656 2663 ipsum
1714 2592 1988 2646 coloribus
2052 2592 2276 2665 depingi

188 2706 297 2741 non
334 2696 531 2759 potest,
571 2706 733 2759 quam
773 2687 970 2759 quibus
997 2687 1190 2741 Victor
1215 2672 1674 2758 carthaginiensis
1696 2687 1743 2759 4)
1771 2689 1828 2741 in
1856 2707 1954 2741 sua
1980 2687 2049 2741 ad
2074 2707 2275 2760 papam
2322 2717 2611 2760 πειθηνίως,

191 2781 539 2835 Theodorum
597 2781 860 2853 synodica
916 2800 1049 2834 usus
1109 2790 1219 2835 est:
1287 2781 1528 2835 africano
1580 2783 1725 2835 enim
1764 2781 1981 2835 dicendi
2020 2801 2170 2837 more
2210 2802 2275 2837 ac

384 3031 410 3087 ¹)
445 3032 478 3073 A
512 3031 767 3086 particulari
801 3038 917 3082 casu,
959 3042 1045 3083 quo
1086 3033 1204 3071 certa
1235 3028 1452 3083 quaedam
1483 3029 1567 3071 Dei
1598 3030 1742 3084 gratia
1772 3034 1976 3084 operetur
2006 3031 2115 3072 citra
2145 3030 2274 3071 liber—

194 3105 296 3146 tatis
326 3106 514 3156 ruinam,
545 3105 700 3145 Patres
732 3104 900 3158 gratiae
932 3104 1230 3157 operationem
1263 3105 1505 3157 generatim
1535 3105 1882 3157 argumentando
1913 3104 2118 3145 inferunt.

371 3175 405 3229 2)
439 3177 557 3217 Huic
603 3177 718 3216 enim
764 3177 1058 3229 complexioni
1102 3176 1205 3216 addi
1252 3189 1498 3216 consonans
1546 3177 1822 3216 orientalium
1868 3177 2085 3216 sententia
2131 3176 2275 3224 debet,

196 3263 307 3302 quae
338 3249 523 3289 habetur
554 3249 599 3289 in
630 3248 816 3302 epistola
845 3249 966 3288 Petri
1012 3249 1185 3288 diaconi
1230 3253 1274 3289 et
1320 3250 1551 3299 sociorum,
1587 3249 1662 3301 qui
1692 3249 1746 3288 ob
1780 3250 2059 3301 quaestiones
2090 3248 2191 3289 fidei
2223 3262 2277 3288 ex
2291 3264 2419 3298 Petrus
2452 3265 2636 3300 diaconus.

197 3322 362 3362 oriente
393 3321 577 3361 Romam
610 3321 732 3361 missi
761 3321 950 3372 fuerunt,
982 3321 1144 3374 scripta
1174 3320 1231 3360 ad
1261 3323 1490 3375 episcopos
1531 3321 1749 3361 africanos
1788 3321 1834 3360 in
1878 3320 2081 3361 Sardinia
2110 3320 2275 3371 exules,

197 3399 240 3435 et
269 3395 315 3434 in
347 3407 432 3447 qua
462 3394 624 3447 pariter
646 3393 817 3433 -Zosimi
848 3393 1022 3446 „Papae
1053 3394 1314 3433 sententiam
1346 3393 1607 3446 explicatam
1638 3393 1694 3433 ab
1715 3393 1923 3434 africanis
1945 3393 2166 3444 conciliis„
2201 3393 2274 3432 de-

196 3469 426 3520 promunt:
455 3464 555 3504 vide
587 3465 648 3504 sis
679 3465 791 3504 inter
821 3477 921 3517 opp.
951 3464 1066 3517 Aug.
1097 3468 1130 3506 t.
1163 3464 1219 3508 X.
1252 3463 1281 3504 l.
1313 3478 1353 3507 c.
1386 3478 1429 3518 p.
1464 3462 1564 3507 148.
1599 3466 1696 3508 coll.
1728 3465 1890 3509 Zosim.
1932 3479 2034 3520 pap.
2067 3465 2123 3506 ad
2161 3466 2274 3506 Afri·

198 3551 293 3578 can.
326 3537 458 3591 episc.
490 3536 543 3576 de
576 3549 694 3579 caus.
730 3534 916 3579 coelest.
950 3535 1057 3578 ibid.
1090 3549 1132 3588 p.
1165 3533 1236 3578 98.

371 3608 407 3663 ³)
439 3608 549 3649 Ibid.
585 3622 621 3650 ο.
653 3592 775 3652 xxi.
809 3622 850 3651 n.
884 3606 953 3651 60.
986 3622 1029 3661 p.
1062 3606 1160 3650 197.

373 3680 407 3734 ⁴)
438 3682 577 3721 Lecta
606 3680 689 3721 fuit
719 3681 765 3721 in
797 3681 981 3721 concilio
1010 3681 1277 3720 lateranensi
1308 3681 1390 3721 sub
1421 3681 1612 3722 Martino
1642 3682 1678 3723 1.
1726 3687 1932 3727 secretar.
1964 3684 2021 3724 ΙΙ.
2061 3697 2129 3736 ap.
2161 3684 2274 3724 Har-

197 3753 316 3797 duin.
347 3757 381 3796 t.
412 3753 493 3795 111.
525 3767 569 3807 p.
602 3751 700 3794 756.
733 3753 786 3793 In
817 3766 974 3806 graeco
1015 3756 1137 3793 textu
1177 3753 1239 3792 ita
1278 3752 1464 3796 habent:
1519 3750 1612 3794 Διὰ
1651 3754 1732 3807 τῆς
1772 3753 1981 3810 χάριτος,
2025 3756 2100 3794 καὶ
2132 3750 2276 3798 οὕτως·

197 3824 395 3877 βεβαίως
427 3826 504 3865 καὶ
535 3820 874 3878 ἄμετακινήτως
905 3821 1147 3879 ἐγκάρδιον
1189 3824 1281 3872 ἔχει
1321 3821 1405 3865 τόν
1435 3824 1523 3866 τοῦ
1554 3824 1714 3881 κυρίου
1746 3822 1867 3880 ἡμῶν
1894 3821 2037 3881 Ἰησοῦ
2067 3827 2274 3881 Χριστοῦ

197 3896 338 3947 νόμον
370 3931 382 3943 .
408 3930 428 3963 .·
461 3930 472 3943 .
505 3893 530 3938 ὅ
563 3896 705 3944 νόμος
734 3897 823 3939 τοῦ
863 3895 981 3938 θεοῦ
1026 3892 1177 3937 αὐτοῦ
1225 3896 1268 3936 ἐν
1301 3897 1472 3953 καρδίᾳ
1505 3895 1658 3940 αὐτοῦ
1689 3895 1741 3940 οὗ
1773 3900 1929 3948 μέλανι
1959 3902 2272 3958 γεγραμμένος,

197 3966 310 4012 ἀλλὰ
340 3968 569 4021 πνεύματι
609 3971 727 4013 θεοῦ
760 3969 925 4017 ζῶντος·
954 3968 1177 4018 μυστικῶς
1207 3967 1572 4027 ἐσφραγισμένος.
