<?xml version="1.0" encoding="UTF-8"?>
<!DOCTYPE html PUBLIC "-//W3C//DTD XHTML 1.0 Transitional//EN"
    "http://www.w3.org/TR/xhtml1/DTD/xhtml1-transitional.dtd">
<html xmlns="http://www.w3.org/1999/xhtml" xml:lang="en" lang="en">
 <head>
  <title>
</title>
<meta http-equiv="Content-Type" content="text/html;charset=utf-8" />
  <meta name='ocr-system' content='tesseract 3.04.00' />
  <meta name='ocr-capabilities' content='ocr_page ocr_carea ocr_par ocr_line ocrx_word'/>
</head>
<body>
  <div class='ocr_page' id='page_1' title='image "a607958700schruoft_0636.png"; bbox 0 0 2716 4446; ppageno 0'>
   <div class='ocr_carea' id='block_1_1' title="bbox 1393 158 1742 221">
    <p class='ocr_par' dir='ltr' id='par_1_1' title="bbox 1393 158 1742 221">
     <span class='ocr_line' id='line_1_1' title="bbox 1393 158 1742 221; baseline 0 -1"><span class='ocrx_word' id='word_1_1' title='bbox 1393 158 1742 221; x_wconf 80' lang='lat'>—394-</span> 
     </span>
    </p>
   </div>
   <div class='ocr_carea' id='block_1_2' title="bbox 170 300 2695 2554">
    <p class='ocr_par' dir='ltr' id='par_1_2' title="bbox 170 300 2695 2554">
     <span class='ocr_line' id='line_1_2' title="bbox 699 300 2601 379; baseline 0.005 -25"><span class='ocrx_word' id='word_1_2' title='bbox 699 301 823 357; x_wconf 80' lang='lat'><strong>420.</strong></span> <span class='ocrx_word' id='word_1_3' title='bbox 852 300 960 354; x_wconf 85' lang='lat' dir='ltr'><strong>Sed</strong></span> <span class='ocrx_word' id='word_1_4' title='bbox 986 300 1095 354; x_wconf 95' lang='lat' dir='ltr'><strong>huc</strong></span> <span class='ocrx_word' id='word_1_5' title='bbox 1119 319 1280 373; x_wconf 91' lang='lat' dir='ltr'><strong>porro</strong></span> <span class='ocrx_word' id='word_1_6' title='bbox 1306 302 1514 356; x_wconf 89' lang='lat' dir='ltr'><strong>faciunt</strong></span> <span class='ocrx_word' id='word_1_7' title='bbox 1539 322 1680 376; x_wconf 89' lang='lat' dir='ltr'><strong>quae</strong></span> <span class='ocrx_word' id='word_1_8' title='bbox 1707 304 1897 359; x_wconf 80' lang='lat' dir='ltr'>scribit</span> <span class='ocrx_word' id='word_1_9' title='bbox 1914 306 1954 375; x_wconf 90' lang='grc'><strong>1)</strong></span> <span class='ocrx_word' id='word_1_10' title='bbox 1983 305 2052 359; x_wconf 91' lang='lat' dir='ltr'><strong>ad</strong></span> <span class='ocrx_word' id='word_1_11' title='bbox 2078 306 2364 379; x_wconf 89' lang='lat' dir='ltr'><strong>episcopos</strong></span> <span class='ocrx_word' id='word_1_12' title='bbox 2385 305 2601 364; x_wconf 78' lang='lat' dir='ltr'><strong>Galliae</strong></span> 
     </span>
     <span class='ocr_line' id='line_1_3' title="bbox 229 393 2670 471; baseline 0.004 -24"><span class='ocrx_word' id='word_1_13' title='bbox 229 405 453 438; x_wconf 63' lang='lat' dir='ltr'><strong>Coelestimts·</strong></span> <span class='ocrx_word' id='word_1_14' title='bbox 529 393 873 447; x_wconf 81' lang='lat' dir='ltr'><strong>Coelestinus</strong></span> <span class='ocrx_word' id='word_1_15' title='bbox 914 413 1085 465; x_wconf 87' lang='lat' dir='ltr'><strong>papa:</strong></span> <span class='ocrx_word' id='word_1_16' title='bbox 1130 393 1507 466; x_wconf 85' lang='lat' dir='ltr'><strong>„Cuperemus</strong></span> <span class='ocrx_word' id='word_1_17' title='bbox 1547 397 1783 469; x_wconf 90' lang='lat' dir='ltr'><strong>quidem,</strong></span> <span class='ocrx_word' id='word_1_18' title='bbox 1822 399 2015 471; x_wconf 90' lang='lat' dir='ltr'><strong>inquit,</strong></span> <span class='ocrx_word' id='word_1_19' title='bbox 2067 399 2135 453; x_wconf 92' lang='lat' dir='ltr'><strong>de</strong></span> <span class='ocrx_word' id='word_1_20' title='bbox 2172 409 2479 456; x_wconf 86' lang='lat' dir='ltr'><strong>vestrarum</strong></span> <span class='ocrx_word' id='word_1_21' title='bbox 2517 421 2604 458; x_wconf 88' lang='lat' dir='ltr'><strong>ec·</strong></span> <span class='ocrx_word' id='word_1_22' title='bbox 2663 415 2670 421; x_wconf 75' lang='lat'><em>&#39;</em></span> 
     </span>
     <span class='ocr_line' id='line_1_4' title="bbox 529 490 2605 567; baseline 0.005 -25"><span class='ocrx_word' id='word_1_23' title='bbox 529 490 817 543; x_wconf 87' lang='lat' dir='ltr'><strong>clesiarum</strong></span> <span class='ocrx_word' id='word_1_24' title='bbox 856 491 933 543; x_wconf 89' lang='lat' dir='ltr'><strong>ita</strong></span> <span class='ocrx_word' id='word_1_25' title='bbox 971 490 1310 545; x_wconf 91' lang='lat' dir='ltr'><strong>ordinatione</strong></span> <span class='ocrx_word' id='word_1_26' title='bbox 1348 492 1605 562; x_wconf 89' lang='lat' dir='ltr'><strong>gaudere,</strong></span> <span class='ocrx_word' id='word_1_27' title='bbox 1662 503 1723 548; x_wconf 90' lang='lat' dir='ltr'><strong>ut</strong></span> <span class='ocrx_word' id='word_1_28' title='bbox 1779 494 2499 567; x_wconf 15' lang='lat' dir='ltr'><strong>congratularemurwpotius</strong></span> <span class='ocrx_word' id='word_1_29' title='bbox 2537 496 2605 552; x_wconf 83' lang='lat' dir='ltr'><strong>dc</strong></span> 
     </span>
     <span class='ocr_line' id='line_1_5' title="bbox 528 584 2608 661; baseline 0.003 -24"><span class='ocrx_word' id='word_1_30' title='bbox 528 585 796 656; x_wconf 90' lang='lat' dir='ltr'><strong>profectu,</strong></span> <span class='ocrx_word' id='word_1_31' title='bbox 838 603 1002 656; x_wconf 87' lang='lat' dir='ltr'><strong>quam</strong></span> <span class='ocrx_word' id='word_1_32' title='bbox 1027 584 1235 657; x_wconf 88' lang='lat' dir='ltr'><strong>aliquid</strong></span> <span class='ocrx_word' id='word_1_33' title='bbox 1262 587 1562 642; x_wconf 89' lang='lat' dir='ltr'><strong>admissum</strong></span> <span class='ocrx_word' id='word_1_34' title='bbox 1589 595 1779 642; x_wconf 91' lang='lat' dir='ltr'><strong>contra</strong></span> <span class='ocrx_word' id='word_1_35' title='bbox 1805 589 2152 661; x_wconf 83' lang='lat' dir='ltr'><strong>disciplinam</strong></span> <span class='ocrx_word' id='word_1_36' title='bbox 2179 589 2608 646; x_wconf 85' lang='lat' dir='ltr'><strong>ecclesiasticam</strong></span> 
     </span>
     <span class='ocr_line' id='line_1_6' title="bbox 531 678 2607 754; baseline 0.003 -23"><span class='ocrx_word' id='word_1_37' title='bbox 531 678 854 734; x_wconf 80' lang='lat' dir='ltr'>doleremus</span> <span class='ocrx_word' id='word_1_38' title='bbox 910 678 1001 732; x_wconf 91' lang='lat' dir='ltr'><strong>Ad</strong></span> <span class='ocrx_word' id='word_1_39' title='bbox 1038 687 1279 733; x_wconf 90' lang='lat' dir='ltr'><strong>nostram</strong></span> <span class='ocrx_word' id='word_1_40' title='bbox 1325 682 1471 734; x_wconf 92' lang='lat' dir='ltr'><strong>enim</strong></span> <span class='ocrx_word' id='word_1_41' title='bbox 1521 681 1786 735; x_wconf 82' lang='lat' dir='ltr'><strong>laetitiam</strong></span> <span class='ocrx_word' id='word_1_42' title='bbox 1836 690 1892 736; x_wconf 91' lang='lat' dir='ltr'><strong>et</strong></span> <span class='ocrx_word' id='word_1_43' title='bbox 1940 682 2229 737; x_wconf 88' lang='lat' dir='ltr'><strong>benefacta</strong></span> <span class='ocrx_word' id='word_1_44' title='bbox 2264 685 2607 754; x_wconf 85' lang='lat' dir='ltr'><strong>perveniunt,</strong></span> 
     </span>
     <span class='ocr_line' id='line_1_7' title="bbox 532 773 2609 848; baseline 0.002 -21"><span class='ocrx_word' id='word_1_45' title='bbox 532 781 586 827; x_wconf 90' lang='lat' dir='ltr'><strong>et</strong></span> <span class='ocrx_word' id='word_1_46' title='bbox 622 774 885 827; x_wconf 91' lang='lat' dir='ltr'><strong>moeroris</strong></span> <span class='ocrx_word' id='word_1_47' title='bbox 925 773 1129 827; x_wconf 82' lang='lat' dir='ltr'><strong>aculeis</strong></span> <span class='ocrx_word' id='word_1_48' title='bbox 1169 793 1268 827; x_wconf 89' lang='lat' dir='ltr'><strong>nos</strong></span> <span class='ocrx_word' id='word_1_49' title='bbox 1308 794 1448 847; x_wconf 92' lang='lat' dir='ltr'><strong>quae</strong></span> <span class='ocrx_word' id='word_1_50' title='bbox 1485 775 1688 829; x_wconf 87' lang='lat' dir='ltr'><strong>fuerint</strong></span> <span class='ocrx_word' id='word_1_51' title='bbox 1713 775 1855 830; x_wconf 90' lang='lat' dir='ltr'><strong>male</strong></span> <span class='ocrx_word' id='word_1_52' title='bbox 1882 776 2028 830; x_wconf 83' lang='lat' dir='ltr'><strong>facta</strong></span> <span class='ocrx_word' id='word_1_53' title='bbox 2064 785 2454 848; x_wconf 85' lang='lat' dir='ltr'><strong>compungunt.</strong></span> <span class='ocrx_word' id='word_1_54' title='bbox 2491 778 2609 833; x_wconf 86' lang='lat' dir='ltr'><strong>Nec</strong></span> 
     </span>
     <span class='ocr_line' id='line_1_8' title="bbox 170 867 2610 954; baseline 0.002 -34"><span class='ocrx_word' id='word_1_55' title='bbox 170 877 517 954; x_wconf 46' lang='lat'><strong>322333522221032</strong></span> <span class='ocrx_word' id='word_1_56' title='bbox 534 867 695 921; x_wconf 79' lang='lat' dir='ltr'><strong>silere</strong></span> <span class='ocrx_word' id='word_1_57' title='bbox 733 885 1043 938; x_wconf 88' lang='lat' dir='ltr'><strong>possumus,</strong></span> <span class='ocrx_word' id='word_1_58' title='bbox 1103 886 1227 920; x_wconf 93' lang='lat' dir='ltr'><strong>cum</strong></span> <span class='ocrx_word' id='word_1_59' title='bbox 1283 868 1353 921; x_wconf 91' lang='lat' dir='ltr'><strong>ad</strong></span> <span class='ocrx_word' id='word_1_60' title='bbox 1409 868 1513 922; x_wconf 97' lang='grc'>1100</span> <span class='ocrx_word' id='word_1_61' title='bbox 1570 875 1630 922; x_wconf 93' lang='lat' dir='ltr'><strong>ut</strong></span> <span class='ocrx_word' id='word_1_62' title='bbox 1685 868 1754 922; x_wconf 94' lang='lat' dir='ltr'><strong>ab</strong></span> <span class='ocrx_word' id='word_1_63' title='bbox 1791 869 1998 923; x_wconf 81' lang='lat' dir='ltr'><strong>illicitis</strong></span> <span class='ocrx_word' id='word_1_64' title='bbox 2036 889 2357 924; x_wconf 79' lang='lat' dir='ltr'><strong>revocemus</strong></span> <span class='ocrx_word' id='word_1_65' title='bbox 2395 870 2610 944; x_wconf 86' lang='lat' dir='ltr'><strong>aliquos</strong></span> 
     </span>
     <span class='ocr_line' id='line_1_9' title="bbox 277 962 2611 1036; baseline 0.002 -20"><span class='ocrx_word' id='word_1_66' title='bbox 277 975 326 1006; x_wconf 64' lang='grc' dir='ltr'><strong>ΡΟ</strong></span> <span class='ocrx_word' id='word_1_67' title='bbox 307 966 402 999; x_wconf 59' lang='grc' dir='ltr'><strong>ΗΜ</strong></span> <span class='ocrx_word' id='word_1_68' title='bbox 533 962 699 1017; x_wconf 90' lang='lat' dir='ltr'><strong>officii</strong></span> <span class='ocrx_word' id='word_1_69' title='bbox 737 963 909 1016; x_wconf 81' lang='lat' dir='ltr'><strong>nostri</strong></span> <span class='ocrx_word' id='word_1_70' title='bbox 947 980 1310 1033; x_wconf 79' lang='lat' dir='ltr'><strong>plovocemur</strong></span> <span class='ocrx_word' id='word_1_71' title='bbox 1347 963 1613 1017; x_wconf 88' lang='lat' dir='ltr'><strong>instinctu</strong></span> <span class='ocrx_word' id='word_1_72' title='bbox 1637 963 1682 1036; x_wconf 69' lang='lat'><strong>2)</strong></span> <span class='ocrx_word' id='word_1_73' title='bbox 1721 965 1778 1016; x_wconf 92' lang='lat' dir='ltr'><strong>in</strong></span> <span class='ocrx_word' id='word_1_74' title='bbox 1818 963 2055 1035; x_wconf 89' lang='lat' dir='ltr'><strong>speculis</strong></span> <span class='ocrx_word' id='word_1_75' title='bbox 2094 984 2127 1018; x_wconf 91' lang='lat' dir='ltr'><strong>a</strong></span> <span class='ocrx_word' id='word_1_76' title='bbox 2151 964 2274 1020; x_wconf 92' lang='lat' dir='ltr'><strong>Deo</strong></span> <span class='ocrx_word' id='word_1_77' title='bbox 2313 967 2611 1036; x_wconf 87' lang='lat' dir='ltr'><strong>constituti,</strong></span> 
     </span>
     <span class='ocr_line' id='line_1_10' title="bbox 531 1056 2612 1132; baseline 0.002 -21"><span class='ocrx_word' id='word_1_78' title='bbox 531 1065 592 1111; x_wconf 90' lang='lat' dir='ltr'><strong>ut</strong></span> <span class='ocrx_word' id='word_1_79' title='bbox 628 1056 949 1127; x_wconf 82' lang='lat' dir='ltr'><strong>vigilantiae</strong></span> <span class='ocrx_word' id='word_1_80' title='bbox 989 1064 1207 1109; x_wconf 89' lang='lat' dir='ltr'><strong>nostrae</strong></span> <span class='ocrx_word' id='word_1_81' title='bbox 1247 1056 1587 1128; x_wconf 85' lang='lat' dir='ltr'><strong>diligentiam</strong></span> <span class='ocrx_word' id='word_1_82' title='bbox 1628 1056 2047 1128; x_wconf 84' lang='lat' dir='ltr'><strong>comprobantes</strong></span> <span class='ocrx_word' id='word_1_83' title='bbox 2086 1068 2142 1113; x_wconf 89' lang='lat' dir='ltr'><strong>et</strong></span> <span class='ocrx_word' id='word_1_84' title='bbox 2179 1078 2320 1132; x_wconf 88' lang='lat' dir='ltr'><strong>quae</strong></span> <span class='ocrx_word' id='word_1_85' title='bbox 2360 1078 2612 1115; x_wconf 89' lang='lat' dir='ltr'><strong>coercen-</strong></span> 
     </span>
     <span class='ocr_line' id='line_1_11' title="bbox 532 1150 2611 1227; baseline 0.001 -21"><span class='ocrx_word' id='word_1_86' title='bbox 532 1154 603 1206; x_wconf 91' lang='lat' dir='ltr'><strong>da</strong></span> <span class='ocrx_word' id='word_1_87' title='bbox 641 1159 765 1205; x_wconf 88' lang='lat' dir='ltr'><strong>sunt</strong></span> <span class='ocrx_word' id='word_1_88' title='bbox 801 1169 1131 1220; x_wconf 87' lang='lat' dir='ltr'><strong>resecemus,</strong></span> <span class='ocrx_word' id='word_1_89' title='bbox 1160 1159 1214 1205; x_wconf 90' lang='lat' dir='ltr'><strong>et</strong></span> <span class='ocrx_word' id='word_1_90' title='bbox 1239 1170 1379 1223; x_wconf 90' lang='lat' dir='ltr'><strong>quae</strong></span> <span class='ocrx_word' id='word_1_91' title='bbox 1419 1150 1764 1205; x_wconf 90' lang='lat' dir='ltr'><strong>observanda</strong></span> <span class='ocrx_word' id='word_1_92' title='bbox 1803 1159 1929 1205; x_wconf 91' lang='lat' dir='ltr'><strong>sunt</strong></span> <span class='ocrx_word' id='word_1_93' title='bbox 1967 1154 2292 1211; x_wconf 76' lang='lat' dir='ltr'><strong>sanciamus,</strong></span> <span class='ocrx_word' id='word_1_94' title='bbox 2326 1153 2403 1208; x_wconf 88' lang='lat' dir='ltr'><strong>Et</strong></span> <span class='ocrx_word' id='word_1_95' title='bbox 2427 1173 2611 1227; x_wconf 89' lang='lat' dir='ltr'><strong>quam-</strong></span> 
     </span>
     <span class='ocr_line' id='line_1_12' title="bbox 532 1229 2663 1320; baseline 0 -18"><span class='ocrx_word' id='word_1_96' title='bbox 532 1250 615 1302; x_wconf 90' lang='lat' dir='ltr'><strong>vis</strong></span> <span class='ocrx_word' id='word_1_97' title='bbox 655 1248 802 1301; x_wconf 91' lang='lat' dir='ltr'><strong>circa</strong></span> <span class='ocrx_word' id='word_1_98' title='bbox 840 1246 1143 1318; x_wconf 89' lang='lat' dir='ltr'><strong>longinqua</strong></span> <span class='ocrx_word' id='word_1_99' title='bbox 1182 1245 1482 1318; x_wconf 89' lang='lat' dir='ltr'><strong>spiritualis</strong></span> <span class='ocrx_word' id='word_1_100' title='bbox 1522 1266 1655 1300; x_wconf 91' lang='lat' dir='ltr'><strong>cura</strong></span> <span class='ocrx_word' id='word_1_101' title='bbox 1691 1266 1801 1301; x_wconf 92' lang='lat' dir='ltr'><strong>non</strong></span> <span class='ocrx_word' id='word_1_102' title='bbox 1839 1247 2053 1317; x_wconf 84' lang='lat' dir='ltr'><strong>deficit3</strong></span> <span class='ocrx_word' id='word_1_103' title='bbox 2093 1248 2161 1301; x_wconf 90' lang='lat' dir='ltr'><strong>de</strong></span> <span class='ocrx_word' id='word_1_104' title='bbox 2201 1267 2258 1302; x_wconf 88' lang='lat' dir='ltr'><strong>se</strong></span> <span class='ocrx_word' id='word_1_105' title='bbox 2297 1268 2396 1320; x_wconf 91' lang='lat' dir='ltr'><strong>per</strong></span> <span class='ocrx_word' id='word_1_106' title='bbox 2433 1229 2615 1304; x_wconf 78' lang='lat' dir='ltr'><strong>omnia</strong></span> <span class='ocrx_word' id='word_1_107' title='bbox 2660 1258 2663 1259; x_wconf 71' lang='grc'>’</span> 
     </span>
     <span class='ocr_line' id='line_1_13' title="bbox 533 1342 2616 1426; baseline 0 -30"><span class='ocrx_word' id='word_1_108' title='bbox 533 1362 652 1426; x_wconf 61' lang='grc' dir='ltr'><strong>(11111ο</strong></span> <span class='ocrx_word' id='word_1_109' title='bbox 678 1361 879 1396; x_wconf 91' lang='lat' dir='ltr'><strong>nomen</strong></span> <span class='ocrx_word' id='word_1_110' title='bbox 916 1343 1026 1397; x_wconf 92' lang='lat' dir='ltr'><strong>Dei</strong></span> <span class='ocrx_word' id='word_1_111' title='bbox 1060 1342 1414 1414; x_wconf 91' lang='lat' dir='ltr'><strong>praedicatur</strong></span> <span class='ocrx_word' id='word_1_112' title='bbox 1452 1342 1728 1395; x_wconf 85' lang='lat' dir='ltr'><strong>extendit:</strong></span> <span class='ocrx_word' id='word_1_113' title='bbox 1787 1360 1889 1395; x_wconf 91' lang='lat' dir='ltr'><strong>nec</strong></span> <span class='ocrx_word' id='word_1_114' title='bbox 1926 1343 2178 1396; x_wconf 92' lang='lat' dir='ltr'><strong>notitiam</strong></span> <span class='ocrx_word' id='word_1_115' title='bbox 2214 1350 2455 1397; x_wconf 89' lang='lat' dir='ltr'><strong>nostram</strong></span> <span class='ocrx_word' id='word_1_116' title='bbox 2493 1342 2616 1397; x_wconf 88' lang='lat' dir='ltr'><strong>sub·</strong></span> 
     </span>
     <span class='ocr_line' id='line_1_14' title="bbox 531 1414 2683 1509; baseline 0.001 -19"><span class='ocrx_word' id='word_1_117' title='bbox 531 1438 848 1508; x_wconf 80' lang='lat' dir='ltr'><strong>terfugiunt,</strong></span> <span class='ocrx_word' id='word_1_118' title='bbox 890 1455 1030 1509; x_wconf 92' lang='lat' dir='ltr'><strong>quae</strong></span> <span class='ocrx_word' id='word_1_119' title='bbox 1067 1439 1125 1490; x_wconf 92' lang='lat' dir='ltr'><strong>in</strong></span> <span class='ocrx_word' id='word_1_120' title='bbox 1164 1438 1504 1491; x_wconf 87' lang='lat' dir='ltr'><strong>eversionem</strong></span> <span class='ocrx_word' id='word_1_121' title='bbox 1540 1436 1855 1507; x_wconf 89' lang='lat' dir='ltr'><strong>regularum</strong></span> <span class='ocrx_word' id='word_1_122' title='bbox 1881 1437 2130 1492; x_wconf 89' lang='lat' dir='ltr'><strong>novellae</strong></span> <span class='ocrx_word' id='word_1_123' title='bbox 2156 1418 2618 1509; x_wconf 81' lang='lat' dir='ltr'><strong>praesumptionis</strong></span> <span class='ocrx_word' id='word_1_124' title='bbox 2643 1414 2683 1429; x_wconf 72' lang='lat'><strong>.,</strong></span> 
     </span>
     <span class='ocr_line' id='line_1_15' title="bbox 534 1530 2617 1603; baseline 0 -18"><span class='ocrx_word' id='word_1_125' title='bbox 534 1533 856 1586; x_wconf 89' lang='lat' dir='ltr'><strong>auctoritate</strong></span> <span class='ocrx_word' id='word_1_126' title='bbox 895 1539 1184 1602; x_wconf 83' lang='lat' dir='ltr'><strong>tentatur.„</strong></span> <span class='ocrx_word' id='word_1_127' title='bbox 1245 1530 1540 1585; x_wconf 86' lang='lat' dir='ltr'><strong>Praeclara</strong></span> <span class='ocrx_word' id='word_1_128' title='bbox 1580 1532 1776 1600; x_wconf 89' lang='lat' dir='ltr'><strong>omnia,</strong></span> <span class='ocrx_word' id='word_1_129' title='bbox 1819 1550 2070 1603; x_wconf 90' lang='lat' dir='ltr'><strong>quaeque</strong></span> <span class='ocrx_word' id='word_1_130' title='bbox 2110 1532 2311 1586; x_wconf 86' lang='lat' dir='ltr'><strong>diserte</strong></span> <span class='ocrx_word' id='word_1_131' title='bbox 2349 1539 2522 1599; x_wconf 88' lang='lat' dir='ltr'><strong>totum</strong></span> <span class='ocrx_word' id='word_1_132' title='bbox 2558 1531 2617 1590; x_wconf 88' lang='lat' dir='ltr'><strong>id</strong></span> 
     </span>
     <span class='ocr_line' id='line_1_16' title="bbox 534 1625 2616 1699; baseline -0.001 -18"><span class='ocrx_word' id='word_1_133' title='bbox 534 1627 1020 1699; x_wconf 90' lang='lat' dir='ltr'><strong>comprehendunt,</strong></span> <span class='ocrx_word' id='word_1_134' title='bbox 1063 1627 1208 1699; x_wconf 91' lang='lat' dir='ltr'><strong>quod</strong></span> <span class='ocrx_word' id='word_1_135' title='bbox 1246 1626 1526 1696; x_wconf 87' lang='lat' dir='ltr'><strong>volumus;</strong></span> <span class='ocrx_word' id='word_1_136' title='bbox 1569 1626 1666 1680; x_wconf 89' lang='lat' dir='ltr'><strong>sed</strong></span> <span class='ocrx_word' id='word_1_137' title='bbox 1709 1626 2061 1681; x_wconf 88' lang='lat' dir='ltr'><strong>confirmatur</strong></span> <span class='ocrx_word' id='word_1_138' title='bbox 2097 1626 2244 1680; x_wconf 90' lang='lat' dir='ltr'><strong>idem</strong></span> <span class='ocrx_word' id='word_1_139' title='bbox 2285 1625 2616 1698; x_wconf 78' lang='lat' dir='ltr'><strong>specialibus</strong></span> 
     </span>
     <span class='ocr_line' id='line_1_17' title="bbox 535 1720 2616 1831; baseline -0.001 -55"><span class='ocrx_word' id='word_1_140' title='bbox 535 1722 856 1794; x_wconf 91' lang='lat' dir='ltr'><strong>disciplinae</strong></span> <span class='ocrx_word' id='word_1_141' title='bbox 897 1721 1188 1794; x_wconf 78' lang='lat' dir='ltr'><strong>capitibuS‚</strong></span> <span class='ocrx_word' id='word_1_142' title='bbox 1229 1740 1368 1792; x_wconf 90' lang='lat' dir='ltr'><strong>quae</strong></span> <span class='ocrx_word' id='word_1_143' title='bbox 1407 1720 1658 1792; x_wconf 85' lang='lat' dir='ltr'><strong>pontifex</strong></span> <span class='ocrx_word' id='word_1_144' title='bbox 1695 1720 1953 1792; x_wconf 91' lang='lat' dir='ltr'><strong>reprobat</strong></span> <span class='ocrx_word' id='word_1_145' title='bbox 1991 1720 2422 1831; x_wconf 86' lang='lat' dir='ltr'><strong>corrigendaque</strong></span> <span class='ocrx_word' id='word_1_146' title='bbox 2460 1739 2616 1792; x_wconf 87' lang='lat' dir='ltr'><strong>prae-</strong></span> 
     </span>
     <span class='ocr_line' id='line_1_18' title="bbox 537 1819 994 1890; baseline -0.002 -19"><span class='ocrx_word' id='word_1_147' title='bbox 537 1819 701 1890; x_wconf 90' lang='lat' dir='ltr'><strong>cipit.</strong></span> <span class='ocrx_word' id='word_1_148' title='bbox 738 1819 994 1871; x_wconf 90' lang='lat' dir='ltr'><strong>nimirum</strong></span> 
     </span>
     <span class='ocr_line' id='line_1_19' title="bbox 712 1910 2616 1982; baseline -0.001 -17"><span class='ocrx_word' id='word_1_149' title='bbox 712 1914 758 1967; x_wconf 88' lang='lat'><strong>1.</strong></span> <span class='ocrx_word' id='word_1_150' title='bbox 798 1912 1004 1966; x_wconf 91' lang='lat' dir='ltr'><strong>cultum</strong></span> <span class='ocrx_word' id='word_1_151' title='bbox 1028 1912 1072 1981; x_wconf 82' lang='lat'><strong>3)</strong></span> <span class='ocrx_word' id='word_1_152' title='bbox 1111 1911 1467 1982; x_wconf 87' lang='lat' dir='ltr'><strong>habitumque</strong></span> <span class='ocrx_word' id='word_1_153' title='bbox 1508 1910 1916 1979; x_wconf 87' lang='lat' dir='ltr'><strong>sacerdotalem,</strong></span> <span class='ocrx_word' id='word_1_154' title='bbox 1956 1910 2025 1963; x_wconf 93' lang='lat' dir='ltr'><strong>de</strong></span> <span class='ocrx_word' id='word_1_155' title='bbox 2064 1928 2170 1981; x_wconf 87' lang='lat' dir='ltr'><strong>quo</strong></span> <span class='ocrx_word' id='word_1_156' title='bbox 2210 1916 2454 1963; x_wconf 89' lang='lat' dir='ltr'><strong>statuens</strong></span> <span class='ocrx_word' id='word_1_157' title='bbox 2490 1928 2616 1964; x_wconf 90' lang='lat' dir='ltr'><strong>con-</strong></span> 
     </span>
     <span class='ocr_line' id='line_1_20' title="bbox 242 2004 2616 2078; baseline -0 -17"><span class='ocrx_word' id='word_1_158' title='bbox 242 2022 453 2061; x_wconf 64' lang='lat' dir='ltr'><strong>Discipzina.</strong></span> <span class='ocrx_word' id='word_1_159' title='bbox 538 2008 737 2061; x_wconf 84' lang='lat' dir='ltr'><strong>cludit:</strong></span> <span class='ocrx_word' id='word_1_160' title='bbox 800 2007 1006 2077; x_wconf 88' lang='lat' dir='ltr'><strong>„Erant</strong></span> <span class='ocrx_word' id='word_1_161' title='bbox 1063 2006 1282 2078; x_wconf 90' lang='lat' dir='ltr'><strong>quidem</strong></span> <span class='ocrx_word' id='word_1_162' title='bbox 1339 2005 1526 2074; x_wconf 91' lang='lat' dir='ltr'><strong>multa,</strong></span> <span class='ocrx_word' id='word_1_163' title='bbox 1580 2024 1722 2077; x_wconf 87' lang='lat' dir='ltr'><strong>quae</strong></span> <span class='ocrx_word' id='word_1_164' title='bbox 1761 2023 1859 2076; x_wconf 93' lang='lat' dir='ltr'><strong>pro</strong></span> <span class='ocrx_word' id='word_1_165' title='bbox 1899 2004 2192 2076; x_wconf 87' lang='lat' dir='ltr'><strong>disciplina</strong></span> <span class='ocrx_word' id='word_1_166' title='bbox 2230 2005 2616 2075; x_wconf 84' lang='lat' dir='ltr'><strong>ecclesiastica,</strong></span> 
     </span>
     <span class='ocr_line' id='line_1_21' title="bbox 538 2099 2616 2174; baseline -0.001 -18"><span class='ocrx_word' id='word_1_167' title='bbox 538 2102 627 2157; x_wconf 89' lang='lat' dir='ltr'><strong>vel</strong></span> <span class='ocrx_word' id='word_1_168' title='bbox 666 2103 839 2174; x_wconf 87' lang='lat' dir='ltr'><strong>ipsius</strong></span> <span class='ocrx_word' id='word_1_169' title='bbox 877 2103 957 2155; x_wconf 91' lang='lat' dir='ltr'><strong>rei</strong></span> <span class='ocrx_word' id='word_1_170' title='bbox 997 2101 1180 2155; x_wconf 89' lang='lat' dir='ltr'><strong>dicere</strong></span> <span class='ocrx_word' id='word_1_171' title='bbox 1219 2101 1427 2155; x_wconf 91' lang='lat' dir='ltr'><strong>ratione</strong></span> <span class='ocrx_word' id='word_1_172' title='bbox 1465 2119 1778 2172; x_wconf 86' lang='lat' dir='ltr'><strong>possemus:</strong></span> <span class='ocrx_word' id='word_1_173' title='bbox 1833 2100 1929 2154; x_wconf 90' lang='lat' dir='ltr'><strong>sed</strong></span> <span class='ocrx_word' id='word_1_174' title='bbox 1967 2099 2037 2153; x_wconf 91' lang='lat' dir='ltr'><strong>ab</strong></span> <span class='ocrx_word' id='word_1_175' title='bbox 2074 2099 2160 2153; x_wconf 86' lang='lat' dir='ltr'><strong>his</strong></span> <span class='ocrx_word' id='word_1_176' title='bbox 2199 2099 2270 2153; x_wconf 91' lang='lat' dir='ltr'><strong>ad</strong></span> <span class='ocrx_word' id='word_1_177' title='bbox 2307 2099 2417 2153; x_wconf 88' lang='lat' dir='ltr'><strong>alia</strong></span> <span class='ocrx_word' id='word_1_178' title='bbox 2453 2099 2616 2154; x_wconf 85' lang='lat' dir='ltr'><strong>devo-</strong></span> 
     </span>
     <span class='ocr_line' id='line_1_22' title="bbox 540 2194 1044 2268; baseline -0.006 -16"><span class='ocrx_word' id='word_1_179' title='bbox 540 2218 774 2268; x_wconf 84' lang='lat' dir='ltr'><strong>camur.„</strong></span> <span class='ocrx_word' id='word_1_180' title='bbox 820 2194 1044 2250; x_wconf 83' lang='lat' dir='ltr'><strong>Scilicet</strong></span> 
     </span>
     <span class='ocr_line' id='line_1_23' title="bbox 712 2282 2643 2366; baseline -0.002 -19"><span class='ocrx_word' id='word_1_181' title='bbox 712 2295 762 2349; x_wconf 78' lang='lat'><strong>2.</strong></span> <span class='ocrx_word' id='word_1_182' title='bbox 801 2292 1151 2364; x_wconf 89' lang='lat' dir='ltr'><strong>reprehendit</strong></span> <span class='ocrx_word' id='word_1_183' title='bbox 1208 2311 1319 2360; x_wconf 78' lang='grc'>606,</span> <span class='ocrx_word' id='word_1_184' title='bbox 1361 2291 1455 2362; x_wconf 90' lang='lat' dir='ltr'><strong>qui</strong></span> <span class='ocrx_word' id='word_1_185' title='bbox 1514 2290 1938 2362; x_wconf 88' lang='lat' dir='ltr'><strong>„poenitentiam</strong></span> <span class='ocrx_word' id='word_1_186' title='bbox 1987 2289 2345 2366; x_wconf 87' lang='lat' dir='ltr'><strong>morientibus</strong></span> <span class='ocrx_word' id='word_1_187' title='bbox 2383 2282 2643 2361; x_wconf 43' lang='lat' dir='ltr'><strong>denegas</strong></span> 
     </span>
     <span class='ocr_line' id='line_1_24' title="bbox 539 2384 2695 2458; baseline -0.003 -15"><span class='ocrx_word' id='word_1_188' title='bbox 539 2396 694 2458; x_wconf 89' lang='lat' dir='ltr'><strong>rent,</strong></span> <span class='ocrx_word' id='word_1_189' title='bbox 757 2407 861 2441; x_wconf 90' lang='lat' dir='ltr'><strong>nec</strong></span> <span class='ocrx_word' id='word_1_190' title='bbox 898 2387 1118 2440; x_wconf 91' lang='lat' dir='ltr'><strong>illorum</strong></span> <span class='ocrx_word' id='word_1_191' title='bbox 1157 2386 1444 2440; x_wconf 89' lang='lat' dir='ltr'><strong>desideriis</strong></span> <span class='ocrx_word' id='word_1_192' title='bbox 1482 2392 1816 2454; x_wconf 85' lang='lat' dir='ltr'><strong>annuerent,</strong></span> <span class='ocrx_word' id='word_1_193' title='bbox 1881 2385 1972 2457; x_wconf 90' lang='lat' dir='ltr'><strong>qui</strong></span> <span class='ocrx_word' id='word_1_194' title='bbox 2011 2384 2188 2438; x_wconf 89' lang='lat' dir='ltr'><strong>obitus</strong></span> <span class='ocrx_word' id='word_1_195' title='bbox 2241 2384 2325 2437; x_wconf 88' lang='lat' dir='ltr'><strong>sui</strong></span> <span class='ocrx_word' id='word_1_196' title='bbox 2374 2391 2618 2456; x_wconf 87' lang='lat' dir='ltr'><strong>tempore</strong></span> <span class='ocrx_word' id='word_1_197' title='bbox 2692 2424 2695 2430; x_wconf 82' lang='grc'><strong>-</strong></span> 
     </span>
     <span class='ocr_line' id='line_1_25' title="bbox 538 2473 2618 2554; baseline -0.003 -18"><span class='ocrx_word' id='word_1_198' title='bbox 538 2483 643 2536; x_wconf 89' lang='grc'>1100</span> <span class='ocrx_word' id='word_1_199' title='bbox 681 2484 892 2535; x_wconf 90' lang='lat' dir='ltr'><strong>animae</strong></span> <span class='ocrx_word' id='word_1_200' title='bbox 933 2501 1062 2536; x_wconf 90' lang='lat' dir='ltr'><strong>suae</strong></span> <span class='ocrx_word' id='word_1_201' title='bbox 1103 2483 1325 2554; x_wconf 81' lang='lat' dir='ltr'><strong>cupiunt</strong></span> <span class='ocrx_word' id='word_1_202' title='bbox 1377 2480 1617 2535; x_wconf 89' lang='lat' dir='ltr'><strong>remedio</strong></span> <span class='ocrx_word' id='word_1_203' title='bbox 1658 2473 1987 2549; x_wconf 56' lang='lat' dir='ltr'><strong>subveniri„</strong></span> <span class='ocrx_word' id='word_1_204' title='bbox 2069 2478 2236 2532; x_wconf 86' lang='lat' dir='ltr'><strong>Cuius</strong></span> <span class='ocrx_word' id='word_1_205' title='bbox 2272 2479 2352 2532; x_wconf 90' lang='lat' dir='ltr'><strong>rei</strong></span> <span class='ocrx_word' id='word_1_206' title='bbox 2390 2475 2618 2532; x_wconf 86' lang='lat' dir='ltr'><strong>crudeli·</strong></span> 
     </span>
    </p>
   </div>
   <div class='ocr_carea' id='block_1_3' title="bbox 540 2564 2618 2650">
    <p class='ocr_par' dir='ltr' id='par_1_3' title="bbox 540 2564 2618 2650">
     <span class='ocr_line' id='line_1_26' title="bbox 540 2564 2618 2650; baseline -0.002 -20"><span class='ocrx_word' id='word_1_207' title='bbox 540 2585 702 2632; x_wconf 85' lang='lat' dir='ltr'><strong>tatem</strong></span> <span class='ocrx_word' id='word_1_208' title='bbox 754 2579 1176 2650; x_wconf 88' lang='lat' dir='ltr'><strong>inpietatemque</strong></span> <span class='ocrx_word' id='word_1_209' title='bbox 1199 2577 1262 2650; x_wconf 76' lang='lat'><strong>4).</strong></span> <span class='ocrx_word' id='word_1_210' title='bbox 1303 2584 1588 2649; x_wconf 89' lang='lat' dir='ltr'><strong>postquam</strong></span> <span class='ocrx_word' id='word_1_211' title='bbox 1639 2575 1907 2645; x_wconf 86' lang='lat' dir='ltr'><strong>ostendit,</strong></span> <span class='ocrx_word' id='word_1_212' title='bbox 1964 2575 2041 2627; x_wconf 91' lang='lat' dir='ltr'><strong>ita</strong></span> <span class='ocrx_word' id='word_1_213' title='bbox 2095 2573 2368 2629; x_wconf 88' lang='lat' dir='ltr'><strong>absolvit:</strong></span> <span class='ocrx_word' id='word_1_214' title='bbox 2418 2564 2618 2643; x_wconf 33' lang='lat' dir='ltr'><strong>,Cum</strong></span> 
     </span>
    </p>
   </div>
   <div class='ocr_carea' id='block_1_4' title="bbox 720 2823 1735 2885">
    <p class='ocr_par' dir='ltr' id='par_1_4' title="bbox 720 2823 1735 2885">
     <span class='ocr_line' id='line_1_27' title="bbox 720 2823 1735 2885; baseline -0.003 -14"><span class='ocrx_word' id='word_1_215' title='bbox 720 2827 755 2885; x_wconf 82' lang='lat'><strong>¹)</strong></span> <span class='ocrx_word' id='word_1_216' title='bbox 786 2828 915 2884; x_wconf 90' lang='lat' dir='ltr'><strong>Apud</strong></span> <span class='ocrx_word' id='word_1_217' title='bbox 944 2826 1160 2869; x_wconf 81' lang='lat' dir='ltr'><strong>Harduin.</strong></span> <span class='ocrx_word' id='word_1_218' title='bbox 1191 2830 1224 2869; x_wconf 82' lang='lat' dir='ltr'><strong>t.</strong></span> <span class='ocrx_word' id='word_1_219' title='bbox 1254 2826 1292 2866; x_wconf 90' lang='lat'><strong>1.</strong></span> <span class='ocrx_word' id='word_1_220' title='bbox 1325 2839 1398 2880; x_wconf 91' lang='lat' dir='ltr'><strong>pp.</strong></span> <span class='ocrx_word' id='word_1_221' title='bbox 1433 2823 1500 2867; x_wconf 82' lang='lat'><strong>12.</strong></span> <span class='ocrx_word' id='word_1_222' title='bbox 1533 2823 1605 2869; x_wconf 87' lang='grc'><strong>58.</strong></span> <span class='ocrx_word' id='word_1_223' title='bbox 1637 2837 1735 2878; x_wconf 85' lang='lat' dir='ltr'><strong>sqq.</strong></span> 
     </span>
    </p>
   </div>
   <div class='ocr_carea' id='block_1_5' title="bbox 185 2892 2623 3148">
    <p class='ocr_par' dir='ltr' id='par_1_5' title="bbox 185 2892 2623 3148">
     <span class='ocr_line' id='line_1_28' title="bbox 185 2892 2618 2961; baseline -0.005 -18"><span class='ocrx_word' id='word_1_224' title='bbox 185 2910 530 2961; x_wconf 64' lang='lat' dir='ltr'><strong>Ministeriifzpostoz.</strong></span> <span class='ocrx_word' id='word_1_225' title='bbox 721 2902 754 2957; x_wconf 75' lang='grc'><strong>2)</strong></span> <span class='ocrx_word' id='word_1_226' title='bbox 784 2903 884 2943; x_wconf 85' lang='lat' dir='ltr'><strong>Hac</strong></span> <span class='ocrx_word' id='word_1_227' title='bbox 912 2899 1059 2955; x_wconf 80' lang='lat' dir='ltr'><strong>phrasi</strong></span> <span class='ocrx_word' id='word_1_228' title='bbox 1089 2899 1317 2939; x_wconf 86' lang='lat' dir='ltr'><strong>ministerii</strong></span> <span class='ocrx_word' id='word_1_229' title='bbox 1347 2898 1416 2938; x_wconf 89' lang='lat' dir='ltr'><strong>sui</strong></span> <span class='ocrx_word' id='word_1_230' title='bbox 1446 2897 1631 2952; x_wconf 84' lang='lat' dir='ltr'><strong>gratiam</strong></span> <span class='ocrx_word' id='word_1_231' title='bbox 1662 2897 1851 2948; x_wconf 84' lang='lat' dir='ltr'><strong>denotat,</strong></span> <span class='ocrx_word' id='word_1_232' title='bbox 1895 2908 1983 2950; x_wconf 79' lang='lat' dir='ltr'><strong>qua</strong></span> <span class='ocrx_word' id='word_1_233' title='bbox 2011 2895 2058 2936; x_wconf 90' lang='lat' dir='ltr'><strong>in</strong></span> <span class='ocrx_word' id='word_1_234' title='bbox 2097 2893 2308 2935; x_wconf 85' lang='lat' dir='ltr'><strong>altissimo</strong></span> <span class='ocrx_word' id='word_1_235' title='bbox 2357 2892 2618 2933; x_wconf 86' lang='lat' dir='ltr'><strong>constitutus</strong></span> 
     </span>
     <span class='ocr_line' id='line_1_29' title="bbox 293 2956 2270 3028; baseline -0.004 -10"><span class='ocrx_word' id='word_1_236' title='bbox 293 2956 424 2995; x_wconf 69' lang='lat' dir='ltr'><strong>qratza.</strong></span> <span class='ocrx_word' id='word_1_237' title='bbox 544 2976 643 3016; x_wconf 92' lang='lat' dir='ltr'><strong>loco</strong></span> <span class='ocrx_word' id='word_1_238' title='bbox 672 2974 895 3028; x_wconf 87' lang='lat' dir='ltr'><strong>inpellitur</strong></span> <span class='ocrx_word' id='word_1_239' title='bbox 924 2973 980 3014; x_wconf 85' lang='lat' dir='ltr'><strong>ad</strong></span> <span class='ocrx_word' id='word_1_240' title='bbox 1009 2972 1281 3026; x_wconf 86' lang='lat' dir='ltr'><strong>vigilandum</strong></span> <span class='ocrx_word' id='word_1_241' title='bbox 1312 2971 1366 3011; x_wconf 87' lang='lat' dir='ltr'><strong>de</strong></span> <span class='ocrx_word' id='word_1_242' title='bbox 1396 2970 1669 3011; x_wconf 83' lang='lat' dir='ltr'><strong>observanda</strong></span> <span class='ocrx_word' id='word_1_243' title='bbox 1699 2969 1998 3011; x_wconf 86' lang='lat' dir='ltr'><strong>ecclesiastica</strong></span> <span class='ocrx_word' id='word_1_244' title='bbox 2027 2967 2270 3021; x_wconf 85' lang='lat' dir='ltr'><strong>disciplina.</strong></span> 
     </span>
     <span class='ocr_line' id='line_1_30' title="bbox 204 3037 2623 3100; baseline -0.007 -6"><span class='ocrx_word' id='word_1_245' title='bbox 204 3063 325 3095; x_wconf 72' lang='lat' dir='ltr'><strong>Cultus</strong></span> <span class='ocrx_word' id='word_1_246' title='bbox 356 3064 473 3094; x_wconf 66' lang='lat' dir='ltr'><strong>ecclesi</strong></span> <span class='ocrx_word' id='word_1_247' title='bbox 476 3071 517 3093; x_wconf 66' lang='lat' dir='ltr'><strong>aa</strong></span> <span class='ocrx_word' id='word_1_248' title='bbox 721 3045 755 3100; x_wconf 75' lang='grc'><strong>3)</strong></span> <span class='ocrx_word' id='word_1_249' title='bbox 787 3046 901 3088; x_wconf 90' lang='lat' dir='ltr'><strong>Ibid</strong></span> <span class='ocrx_word' id='word_1_250' title='bbox 931 3045 969 3088; x_wconf 91' lang='lat' dir='ltr'><strong>I.</strong></span> <span class='ocrx_word' id='word_1_251' title='bbox 1000 3045 1148 3098; x_wconf 88' lang='lat' dir='ltr'><strong>Digna</strong></span> <span class='ocrx_word' id='word_1_252' title='bbox 1177 3046 1279 3084; x_wconf 86' lang='lat' dir='ltr'><strong>sunt</strong></span> <span class='ocrx_word' id='word_1_253' title='bbox 1309 3055 1423 3096; x_wconf 85' lang='lat' dir='ltr'><strong>quae</strong></span> <span class='ocrx_word' id='word_1_254' title='bbox 1452 3042 1719 3083; x_wconf 82' lang='lat' dir='ltr'><strong>referantur:</strong></span> <span class='ocrx_word' id='word_1_255' title='bbox 1762 3041 2032 3093; x_wconf 88' lang='lat' dir='ltr'><strong>„Didicimus</strong></span> <span class='ocrx_word' id='word_1_256' title='bbox 2063 3041 2192 3089; x_wconf 88' lang='lat' dir='ltr'><strong>enim,</strong></span> <span class='ocrx_word' id='word_1_257' title='bbox 2214 3038 2424 3093; x_wconf 88' lang='lat' dir='ltr'><strong>quosdam</strong></span> <span class='ocrx_word' id='word_1_258' title='bbox 2443 3037 2623 3079; x_wconf 86' lang='lat' dir='ltr'><strong>Domini</strong></span> 
     </span>
     <span class='ocr_line' id='line_1_31' title="bbox 254 3108 463 3148; baseline -0.005 -10"><span class='ocrx_word' id='word_1_259' title='bbox 254 3108 463 3148; x_wconf 74' lang='lat' dir='ltr'><strong>yallicancze.</strong></span> 
     </span>
    </p>
   </div>
   <div class='ocr_carea' id='block_1_6' title="bbox 546 3110 2645 3821">
    <p class='ocr_par' dir='ltr' id='par_1_6' title="bbox 546 3110 2645 3821">
     <span class='ocr_line' id='line_1_32' title="bbox 547 3110 2645 3172; baseline -0.005 -11"><span class='ocrx_word' id='word_1_260' title='bbox 547 3120 795 3162; x_wconf 85' lang='lat' dir='ltr'><strong>sacerdotes</strong></span> <span class='ocrx_word' id='word_1_261' title='bbox 826 3118 1127 3172; x_wconf 89' lang='lat' dir='ltr'><strong>superstitioso</strong></span> <span class='ocrx_word' id='word_1_262' title='bbox 1157 3117 1302 3171; x_wconf 88' lang='lat' dir='ltr'><strong>potius</strong></span> <span class='ocrx_word' id='word_1_263' title='bbox 1335 3115 1470 3157; x_wconf 89' lang='lat' dir='ltr'><strong>cultui</strong></span> <span class='ocrx_word' id='word_1_264' title='bbox 1514 3115 1740 3166; x_wconf 87' lang='lat' dir='ltr'><strong>inservire,</strong></span> <span class='ocrx_word' id='word_1_265' title='bbox 1794 3126 1924 3167; x_wconf 87' lang='lat' dir='ltr'><strong>quam</strong></span> <span class='ocrx_word' id='word_1_266' title='bbox 1971 3113 2128 3153; x_wconf 89' lang='lat' dir='ltr'><strong>mentis</strong></span> <span class='ocrx_word' id='word_1_267' title='bbox 2172 3112 2244 3152; x_wconf 86' lang='lat' dir='ltr'><strong>vel</strong></span> <span class='ocrx_word' id='word_1_268' title='bbox 2287 3111 2388 3152; x_wconf 89' lang='lat' dir='ltr'><strong>fidei</strong></span> <span class='ocrx_word' id='word_1_269' title='bbox 2430 3110 2625 3165; x_wconf 76' lang='lat' dir='ltr'><strong>puritati.</strong></span> <span class='ocrx_word' id='word_1_270' title='bbox 2642 3114 2645 3116; x_wconf 79' lang='grc'><strong>’</strong></span> 
     </span>
     <span class='ocr_line' id='line_1_33' title="bbox 548 3182 2622 3241; baseline -0.005 -8"><span class='ocrx_word' id='word_1_271' title='bbox 548 3192 635 3233; x_wconf 77' lang='lat' dir='ltr'><strong>Sed</strong></span> <span class='ocrx_word' id='word_1_272' title='bbox 665 3205 754 3233; x_wconf 89' lang='grc'>11011</span> <span class='ocrx_word' id='word_1_273' title='bbox 782 3192 955 3241; x_wconf 90' lang='lat' dir='ltr'><strong>mirum,</strong></span> <span class='ocrx_word' id='word_1_274' title='bbox 986 3191 1023 3230; x_wconf 91' lang='lat' dir='ltr'><strong>si</strong></span> <span class='ocrx_word' id='word_1_275' title='bbox 1056 3193 1207 3230; x_wconf 89' lang='lat' dir='ltr'><strong>contra</strong></span> <span class='ocrx_word' id='word_1_276' title='bbox 1238 3188 1585 3230; x_wconf 80' lang='lat' dir='ltr'><strong>ecclesiasticum</strong></span> <span class='ocrx_word' id='word_1_277' title='bbox 1615 3199 1779 3226; x_wconf 82' lang='lat' dir='ltr'><strong>morem</strong></span> <span class='ocrx_word' id='word_1_278' title='bbox 1809 3185 1990 3236; x_wconf 84' lang='lat' dir='ltr'><strong>faciunt,</strong></span> <span class='ocrx_word' id='word_1_279' title='bbox 2023 3184 2097 3238; x_wconf 89' lang='lat' dir='ltr'><strong>qui</strong></span> <span class='ocrx_word' id='word_1_280' title='bbox 2126 3184 2172 3224; x_wconf 91' lang='lat' dir='ltr'><strong>in</strong></span> <span class='ocrx_word' id='word_1_281' title='bbox 2203 3182 2391 3224; x_wconf 81' lang='lat' dir='ltr'><strong>ecclesia</strong></span> <span class='ocrx_word' id='word_1_282' title='bbox 2419 3194 2509 3222; x_wconf 87' lang='lat' dir='ltr'><strong>non</strong></span> <span class='ocrx_word' id='word_1_283' title='bbox 2529 3194 2622 3223; x_wconf 85' lang='lat' dir='ltr'><strong>cre-</strong></span> 
     </span>
     <span class='ocr_line' id='line_1_34' title="bbox 546 3254 2622 3314; baseline -0.005 -9"><span class='ocrx_word' id='word_1_284' title='bbox 546 3268 725 3314; x_wconf 83' lang='lat' dir='ltr'><strong>verunt3</strong></span> <span class='ocrx_word' id='word_1_285' title='bbox 759 3264 836 3304; x_wconf 87' lang='lat' dir='ltr'><strong>sed</strong></span> <span class='ocrx_word' id='word_1_286' title='bbox 866 3263 953 3304; x_wconf 87' lang='lat' dir='ltr'><strong>alio</strong></span> <span class='ocrx_word' id='word_1_287' title='bbox 983 3262 1208 3303; x_wconf 88' lang='lat' dir='ltr'><strong>venientes</strong></span> <span class='ocrx_word' id='word_1_288' title='bbox 1240 3261 1407 3310; x_wconf 83' lang='lat' dir='ltr'><strong>itinere,</strong></span> <span class='ocrx_word' id='word_1_289' title='bbox 1439 3272 1588 3300; x_wconf 86' lang='lat' dir='ltr'><strong>secum</strong></span> <span class='ocrx_word' id='word_1_290' title='bbox 1619 3259 1728 3299; x_wconf 85' lang='lat' dir='ltr'><strong>haec</strong></span> <span class='ocrx_word' id='word_1_291' title='bbox 1757 3258 1803 3298; x_wconf 92' lang='lat' dir='ltr'><strong>in</strong></span> <span class='ocrx_word' id='word_1_292' title='bbox 1834 3256 2077 3304; x_wconf 81' lang='lat' dir='ltr'><strong>ecelesiam.</strong></span> <span class='ocrx_word' id='word_1_293' title='bbox 2110 3269 2221 3310; x_wconf 85' lang='lat' dir='ltr'><strong>quae</strong></span> <span class='ocrx_word' id='word_1_294' title='bbox 2250 3257 2297 3296; x_wconf 91' lang='lat' dir='ltr'><strong>in</strong></span> <span class='ocrx_word' id='word_1_295' title='bbox 2326 3254 2414 3296; x_wconf 84' lang='lat' dir='ltr'><strong>alia</strong></span> <span class='ocrx_word' id='word_1_296' title='bbox 2442 3266 2622 3294; x_wconf 84' lang='lat' dir='ltr'><strong>conver-</strong></span> 
     </span>
     <span class='ocr_line' id='line_1_35' title="bbox 549 3326 2624 3385; baseline -0.006 -7"><span class='ocrx_word' id='word_1_297' title='bbox 549 3338 717 3378; x_wconf 85' lang='lat' dir='ltr'><strong>satione</strong></span> <span class='ocrx_word' id='word_1_298' title='bbox 763 3336 1021 3385; x_wconf 88' lang='lat' dir='ltr'><strong>habuerant,</strong></span> <span class='ocrx_word' id='word_1_299' title='bbox 1067 3333 1321 3375; x_wconf 79' lang='lat' dir='ltr'><strong>intulerunt.</strong></span> <span class='ocrx_word' id='word_1_300' title='bbox 1381 3332 1542 3373; x_wconf 91' lang='lat' dir='ltr'><strong>Amicti</strong></span> <span class='ocrx_word' id='word_1_301' title='bbox 1587 3331 1722 3385; x_wconf 86' lang='lat' dir='ltr'><strong>pallio</strong></span> <span class='ocrx_word' id='word_1_302' title='bbox 1767 3333 1811 3370; x_wconf 88' lang='lat' dir='ltr'><strong>et</strong></span> <span class='ocrx_word' id='word_1_303' title='bbox 1853 3329 2025 3370; x_wconf 89' lang='lat' dir='ltr'><strong>lumbos</strong></span> <span class='ocrx_word' id='word_1_304' title='bbox 2069 3328 2307 3382; x_wconf 87' lang='lat' dir='ltr'><strong>praecincti</strong></span> <span class='ocrx_word' id='word_1_305' title='bbox 2351 3326 2534 3369; x_wconf 84' lang='lat' dir='ltr'><strong>credunt</strong></span> <span class='ocrx_word' id='word_1_306' title='bbox 2576 3337 2624 3365; x_wconf 85' lang='lat' dir='ltr'><strong>se</strong></span> 
     </span>
     <span class='ocr_line' id='line_1_36' title="bbox 551 3387 2625 3462; baseline -0.007 -12"><span class='ocrx_word' id='word_1_307' title='bbox 551 3408 801 3462; x_wconf 78' lang='lat' dir='ltr'><strong>Scripturas</strong></span> <span class='ocrx_word' id='word_1_308' title='bbox 840 3407 972 3448; x_wconf 87' lang='lat' dir='ltr'><strong>fidem</strong></span> <span class='ocrx_word' id='word_1_309' title='bbox 1001 3418 1089 3446; x_wconf 91' lang='lat' dir='ltr'><strong>non</strong></span> <span class='ocrx_word' id='word_1_310' title='bbox 1118 3417 1196 3459; x_wconf 86' lang='lat' dir='ltr'><strong>per</strong></span> <span class='ocrx_word' id='word_1_311' title='bbox 1226 3404 1426 3457; x_wconf 90' lang='lat' dir='ltr'><strong>spiritum</strong></span> <span class='ocrx_word' id='word_1_312' title='bbox 1468 3402 1544 3443; x_wconf 89' lang='lat' dir='ltr'><strong>sed</strong></span> <span class='ocrx_word' id='word_1_313' title='bbox 1575 3415 1653 3456; x_wconf 92' lang='lat' dir='ltr'><strong>per</strong></span> <span class='ocrx_word' id='word_1_314' title='bbox 1692 3402 1881 3442; x_wconf 82' lang='lat' dir='ltr'><strong>litteram</strong></span> <span class='ocrx_word' id='word_1_315' title='bbox 1922 3400 2212 3454; x_wconf 89' lang='lat' dir='ltr'><strong>completuros</strong></span> <span class='ocrx_word' id='word_1_316' title='bbox 2242 3430 2254 3441; x_wconf 83' lang='grc'><strong>.</strong></span> <span class='ocrx_word' id='word_1_317' title='bbox 2286 3429 2298 3441; x_wconf 90' lang='grc'><strong>.</strong></span> <span class='ocrx_word' id='word_1_318' title='bbox 2332 3429 2344 3441; x_wconf 92' lang='grc'><strong>.</strong></span> <span class='ocrx_word' id='word_1_319' title='bbox 2386 3387 2513 3439; x_wconf 84' lang='lat' dir='ltr'><strong>Unde</strong></span> <span class='ocrx_word' id='word_1_320' title='bbox 2551 3395 2625 3437; x_wconf 83' lang='lat' dir='ltr'><strong>hic</strong></span> 
     </span>
     <span class='ocr_line' id='line_1_37' title="bbox 548 3469 2623 3531; baseline -0.006 -9"><span class='ocrx_word' id='word_1_321' title='bbox 548 3482 724 3522; x_wconf 91' lang='lat' dir='ltr'><strong>habitus</strong></span> <span class='ocrx_word' id='word_1_322' title='bbox 754 3481 801 3520; x_wconf 91' lang='lat' dir='ltr'><strong>in</strong></span> <span class='ocrx_word' id='word_1_323' title='bbox 830 3479 1028 3520; x_wconf 88' lang='lat' dir='ltr'><strong>ecclesiis</strong></span> <span class='ocrx_word' id='word_1_324' title='bbox 1058 3477 1299 3531; x_wconf 85' lang='lat' dir='ltr'><strong>gallicanis,</strong></span> <span class='ocrx_word' id='word_1_325' title='bbox 1331 3479 1380 3517; x_wconf 91' lang='lat' dir='ltr'><strong>ut</strong></span> <span class='ocrx_word' id='word_1_326' title='bbox 1408 3478 1473 3516; x_wconf 88' lang='lat' dir='ltr'><strong>tot</strong></span> <span class='ocrx_word' id='word_1_327' title='bbox 1501 3488 1714 3516; x_wconf 85' lang='lat' dir='ltr'><strong>annorum</strong></span> <span class='ocrx_word' id='word_1_328' title='bbox 1743 3477 2050 3526; x_wconf 87' lang='lat' dir='ltr'><strong>tantorumque</strong></span> <span class='ocrx_word' id='word_1_329' title='bbox 2079 3470 2332 3526; x_wconf 84' lang='lat' dir='ltr'><strong>pontificum</strong></span> <span class='ocrx_word' id='word_1_330' title='bbox 2362 3470 2410 3510; x_wconf 90' lang='lat' dir='ltr'><strong>in</strong></span> <span class='ocrx_word' id='word_1_331' title='bbox 2438 3469 2623 3510; x_wconf 81' lang='lat' dir='ltr'><strong>alterum</strong></span> 
     </span>
     <span class='ocr_line' id='line_1_38' title="bbox 549 3540 2623 3602; baseline -0.007 -8"><span class='ocrx_word' id='word_1_332' title='bbox 549 3553 748 3594; x_wconf 83' lang='lat' dir='ltr'><strong>habitum</strong></span> <span class='ocrx_word' id='word_1_333' title='bbox 779 3550 1045 3593; x_wconf 89' lang='lat' dir='ltr'><strong>consuetudo</strong></span> <span class='ocrx_word' id='word_1_334' title='bbox 1075 3550 1301 3591; x_wconf 80' lang='lat' dir='ltr'><strong>vertatur?</strong></span> <span class='ocrx_word' id='word_1_335' title='bbox 1330 3547 1619 3589; x_wconf 87' lang='lat' dir='ltr'><strong>Discernendi</strong></span> <span class='ocrx_word' id='word_1_336' title='bbox 1663 3560 1691 3587; x_wconf 84' lang='lat' dir='ltr'><strong>a</strong></span> <span class='ocrx_word' id='word_1_337' title='bbox 1734 3546 1863 3600; x_wconf 88' lang='lat' dir='ltr'><strong>plebe</strong></span> <span class='ocrx_word' id='word_1_338' title='bbox 1907 3545 1979 3585; x_wconf 85' lang='lat' dir='ltr'><strong>vel</strong></span> <span class='ocrx_word' id='word_1_339' title='bbox 2023 3544 2178 3585; x_wconf 86' lang='lat' dir='ltr'><strong>ceteris</strong></span> <span class='ocrx_word' id='word_1_340' title='bbox 2225 3554 2373 3583; x_wconf 86' lang='lat' dir='ltr'><strong>sumus</strong></span> <span class='ocrx_word' id='word_1_341' title='bbox 2413 3540 2623 3602; x_wconf 74' lang='lat' dir='ltr'><strong>doctrina,</strong></span> 
     </span>
     <span class='ocr_line' id='line_1_39' title="bbox 551 3612 2624 3678; baseline -0.006 -13"><span class='ocrx_word' id='word_1_342' title='bbox 551 3639 640 3665; x_wconf 90' lang='lat' dir='ltr'><strong>non</strong></span> <span class='ocrx_word' id='word_1_343' title='bbox 669 3628 815 3678; x_wconf 87' lang='lat' dir='ltr'><strong>veste,</strong></span> <span class='ocrx_word' id='word_1_344' title='bbox 848 3623 1191 3673; x_wconf 86' lang='lat' dir='ltr'><strong>conversatione,</strong></span> <span class='ocrx_word' id='word_1_345' title='bbox 1222 3635 1311 3662; x_wconf 87' lang='grc'>11011</span> <span class='ocrx_word' id='word_1_346' title='bbox 1340 3621 1517 3669; x_wconf 85' lang='lat' dir='ltr'><strong>habitu3</strong></span> <span class='ocrx_word' id='word_1_347' title='bbox 1550 3620 1706 3660; x_wconf 89' lang='lat' dir='ltr'><strong>mentis</strong></span> <span class='ocrx_word' id='word_1_348' title='bbox 1736 3618 1922 3671; x_wconf 88' lang='lat' dir='ltr'><strong>puritate</strong></span> <span class='ocrx_word' id='word_1_349' title='bbox 1952 3629 2041 3657; x_wconf 89' lang='grc'>11011</span> <span class='ocrx_word' id='word_1_350' title='bbox 2073 3615 2206 3658; x_wconf 83' lang='lat' dir='ltr'><strong>cultu.</strong></span> <span class='ocrx_word' id='word_1_351' title='bbox 2238 3613 2352 3655; x_wconf 81' lang='lat' dir='ltr'><strong>Nam</strong></span> <span class='ocrx_word' id='word_1_352' title='bbox 2381 3613 2420 3654; x_wconf 85' lang='lat' dir='ltr'><strong>si</strong></span> <span class='ocrx_word' id='word_1_353' title='bbox 2449 3612 2624 3654; x_wconf 81' lang='lat' dir='ltr'><strong>studere</strong></span> 
     </span>
     <span class='ocr_line' id='line_1_40' title="bbox 552 3684 2623 3760; baseline -0.006 -24"><span class='ocrx_word' id='word_1_354' title='bbox 552 3697 811 3749; x_wconf 88' lang='lat' dir='ltr'><strong>incipiamus</strong></span> <span class='ocrx_word' id='word_1_355' title='bbox 842 3696 1039 3746; x_wconf 84' lang='lat' dir='ltr'><strong>novitati,</strong></span> <span class='ocrx_word' id='word_1_356' title='bbox 1084 3694 1291 3735; x_wconf 87' lang='lat' dir='ltr'><strong>traditum</strong></span> <span class='ocrx_word' id='word_1_357' title='bbox 1335 3693 1462 3733; x_wconf 90' lang='lat' dir='ltr'><strong>nobis</strong></span> <span class='ocrx_word' id='word_1_358' title='bbox 1509 3705 1535 3732; x_wconf 88' lang='lat' dir='ltr'><strong>a</strong></span> <span class='ocrx_word' id='word_1_359' title='bbox 1575 3691 1779 3731; x_wconf 87' lang='lat' dir='ltr'><strong>Patribus</strong></span> <span class='ocrx_word' id='word_1_360' title='bbox 1825 3688 2021 3730; x_wconf 85' lang='lat' dir='ltr'><strong>ordinem</strong></span> <span class='ocrx_word' id='word_1_361' title='bbox 2066 3687 2344 3760; x_wconf 83' lang='lat' dir='ltr'><strong>calcabimus,</strong></span> <span class='ocrx_word' id='word_1_362' title='bbox 2389 3688 2439 3726; x_wconf 92' lang='lat' dir='ltr'><strong>ut</strong></span> <span class='ocrx_word' id='word_1_363' title='bbox 2479 3684 2623 3726; x_wconf 82' lang='lat' dir='ltr'><strong>locum</strong></span> 
     </span>
     <span class='ocr_line' id='line_1_41' title="bbox 555 3765 1592 3821; baseline -0.004 -13"><span class='ocrx_word' id='word_1_364' title='bbox 555 3768 893 3821; x_wconf 84' lang='lat' dir='ltr'><strong>supervacaneis</strong></span> <span class='ocrx_word' id='word_1_365' title='bbox 924 3766 1304 3820; x_wconf 89' lang='lat' dir='ltr'><strong>superstitionibus</strong></span> <span class='ocrx_word' id='word_1_366' title='bbox 1336 3765 1563 3806; x_wconf 80' lang='lat' dir='ltr'><strong>faciamus.</strong></span> <span class='ocrx_word' id='word_1_367' title='bbox 1552 3795 1592 3815; x_wconf 88' lang='lat'><strong>.„</strong></span> 
     </span>
    </p>
   </div>
   <div class='ocr_carea' id='block_1_7' title="bbox 114 3826 2624 3899">
    <p class='ocr_par' dir='ltr' id='par_1_7' title="bbox 114 3826 2624 3899">
     <span class='ocr_line' id='line_1_42' title="bbox 114 3826 2624 3899; baseline -0.006 -18"><span class='ocrx_word' id='word_1_368' title='bbox 114 3893 120 3898; x_wconf 38' lang='grc'><em>.</em></span> <span class='ocrx_word' id='word_1_369' title='bbox 198 3849 433 3880; x_wconf 73' lang='lat' dir='ltr'><strong>Poenitentiae</strong></span> <span class='ocrx_word' id='word_1_370' title='bbox 449 3858 539 3880; x_wconf 69' lang='lat' dir='ltr'><strong>‚seve-</strong></span> <span class='ocrx_word' id='word_1_371' title='bbox 731 3839 764 3893; x_wconf 86' lang='lat'><strong>⁴)</strong></span> <span class='ocrx_word' id='word_1_372' title='bbox 795 3841 832 3880; x_wconf 89' lang='lat' dir='ltr'><strong>E</strong></span> <span class='ocrx_word' id='word_1_373' title='bbox 864 3840 1021 3899; x_wconf 82' lang='lat' dir='ltr'><strong>quibus</strong></span> <span class='ocrx_word' id='word_1_374' title='bbox 1054 3839 1201 3892; x_wconf 88' lang='lat' dir='ltr'><strong>colligi</strong></span> <span class='ocrx_word' id='word_1_375' title='bbox 1229 3840 1394 3892; x_wconf 82' lang='lat' dir='ltr'><strong>potest3</strong></span> <span class='ocrx_word' id='word_1_376' title='bbox 1428 3836 1533 3890; x_wconf 87' lang='lat' dir='ltr'><strong>quid</strong></span> <span class='ocrx_word' id='word_1_377' title='bbox 1563 3835 1801 3889; x_wconf 84' lang='lat' dir='ltr'><strong>antiquitas</strong></span> <span class='ocrx_word' id='word_1_378' title='bbox 1832 3832 2131 3875; x_wconf 86' lang='lat' dir='ltr'><strong>ecclesiastica</strong></span> <span class='ocrx_word' id='word_1_379' title='bbox 2160 3829 2378 3872; x_wconf 84' lang='lat' dir='ltr'><strong>censuerit</strong></span> <span class='ocrx_word' id='word_1_380' title='bbox 2398 3828 2452 3869; x_wconf 87' lang='lat' dir='ltr'><strong>de</strong></span> <span class='ocrx_word' id='word_1_381' title='bbox 2472 3826 2624 3881; x_wconf 79' lang='lat' dir='ltr'><strong>poeni-</strong></span> 
     </span>
    </p>
   </div>
   <div class='ocr_carea' id='block_1_8' title="bbox 327 3894 2619 3965">
    <p class='ocr_par' dir='ltr' id='par_1_8' title="bbox 327 3894 2619 3965">
     <span class='ocr_line' id='line_1_43' title="bbox 327 3894 2619 3965; baseline 0.008 -18"><span class='ocrx_word' id='word_1_382' title='bbox 327 3894 431 3925; x_wconf 65' lang='lat' dir='ltr'><strong>ratas.</strong></span> <span class='ocrx_word' id='word_1_383' title='bbox 555 3911 714 3952; x_wconf 88' lang='lat' dir='ltr'><strong>tentiae</strong></span> <span class='ocrx_word' id='word_1_384' title='bbox 745 3925 797 3952; x_wconf 86' lang='lat' dir='ltr'><strong>ea</strong></span> <span class='ocrx_word' id='word_1_385' title='bbox 832 3912 1077 3963; x_wconf 83' lang='lat' dir='ltr'><strong>severitate,</strong></span> <span class='ocrx_word' id='word_1_386' title='bbox 1110 3911 1233 3965; x_wconf 88' lang='lat' dir='ltr'><strong>quasi</strong></span> <span class='ocrx_word' id='word_1_387' title='bbox 1265 3910 1394 3955; x_wconf 72' lang='lat' dir='ltr'><strong>certls</strong></span> <span class='ocrx_word' id='word_1_388' title='bbox 1425 3907 1678 3952; x_wconf 75' lang='lat' dir='ltr'><strong>crlmmlbUS</strong></span> <span class='ocrx_word' id='word_1_389' title='bbox 1708 3906 1873 3951; x_wconf 68' lang='lat' dir='ltr'><strong>nullam</strong></span> <span class='ocrx_word' id='word_1_390' title='bbox 1903 3895 2098 3964; x_wconf 44' lang='lat' dir='ltr'><strong>anquam</strong></span> <span class='ocrx_word' id='word_1_391' title='bbox 2118 3902 2292 3945; x_wconf 60' lang='lat' dir='ltr'><strong>veniam</strong></span> <span class='ocrx_word' id='word_1_392' title='bbox 2321 3913 2375 3943; x_wconf 69' lang='lat'><strong>³⁰</strong></span> <span class='ocrx_word' id='word_1_393' title='bbox 2403 3897 2619 3942; x_wconf 61' lang='lat' dir='ltr'><strong>“mismo</strong></span> 
     </span>
    </p>
   </div>
   <div class='ocr_carea' id='block_1_9' title="bbox 556 3984 987 4030">
    <p class='ocr_par' dir='ltr' id='par_1_9' title="bbox 556 3984 987 4030">
     <span class='ocr_line' id='line_1_44' title="bbox 556 3984 987 4030; baseline -0.005 -4"><span class='ocrx_word' id='word_1_394' title='bbox 556 3995 657 4026; x_wconf 80' lang='lat' dir='ltr'><strong>nem</strong></span> <span class='ocrx_word' id='word_1_395' title='bbox 687 3984 987 4030; x_wconf 72' lang='lat' dir='ltr'><strong>concessisset.</strong></span> 
     </span>
    </p>
   </div>
  </div>
 </body>
</html>
