<?xml version="1.0" encoding="UTF-8"?>
<!DOCTYPE html PUBLIC "-//W3C//DTD XHTML 1.0 Transitional//EN"
    "http://www.w3.org/TR/xhtml1/DTD/xhtml1-transitional.dtd">
<html xmlns="http://www.w3.org/1999/xhtml" xml:lang="en" lang="en">
 <head>
  <title>
</title>
<meta http-equiv="Content-Type" content="text/html;charset=utf-8" />
  <meta name='ocr-system' content='tesseract 3.04.00' />
  <meta name='ocr-capabilities' content='ocr_page ocr_carea ocr_par ocr_line ocrx_word'/>
</head>
<body>
  <div class='ocr_page' id='page_1' title='image "a607958700schruoft_0661.png"; bbox 0 0 2716 4446; ppageno 0'>
   <div class='ocr_carea' id='block_1_1' title="bbox 16 0 109 129">
    <p class='ocr_par' dir='ltr' id='par_1_1' title="bbox 16 0 109 129">
     <span class='ocr_line' id='line_1_1' title="bbox 16 0 109 129; baseline 0 4317"><span class='ocrx_word' id='word_1_1' title='bbox 16 0 109 129; x_wconf 95' lang='lat' dir='ltr'> </span> 
     </span>
    </p>
   </div>
   <div class='ocr_carea' id='block_1_2' title="bbox 0 534 83 2650">
    <p class='ocr_par' dir='ltr' id='par_1_2' title="bbox 0 534 83 2650">
     <span class='ocr_line' id='line_1_2' title="bbox 0 534 83 2650; baseline 0 0"><span class='ocrx_word' id='word_1_2' title='bbox 0 534 83 2650; x_wconf 95' lang='lat' dir='ltr'> </span> 
     </span>
    </p>
   </div>
   <div class='ocr_carea' id='block_1_3' title="bbox 1116 163 1463 228">
    <p class='ocr_par' dir='ltr' id='par_1_3' title="bbox 1116 163 1463 228">
     <span class='ocr_line' id='line_1_3' title="bbox 1116 163 1463 228; baseline 0.006 -2"><span class='ocrx_word' id='word_1_3' title='bbox 1116 195 1178 207; x_wconf 92' lang='lat'>--</span> <span class='ocrx_word' id='word_1_4' title='bbox 1233 163 1463 228; x_wconf 80' lang='lat'>419—</span> 
     </span>
    </p>
   </div>
   <div class='ocr_carea' id='block_1_4' title="bbox 246 306 2327 478">
    <p class='ocr_par' dir='ltr' id='par_1_4' title="bbox 246 306 2327 478">
     <span class='ocr_line' id='line_1_4' title="bbox 247 306 2327 383; baseline -0.002 -16"><span class='ocrx_word' id='word_1_5' title='bbox 247 311 632 367; x_wconf 83' lang='lat' dir='ltr'>controversiis</span> <span class='ocrx_word' id='word_1_6' title='bbox 670 310 906 382; x_wconf 90' lang='lat' dir='ltr'>inposito</span> <span class='ocrx_word' id='word_1_7' title='bbox 963 329 1076 383; x_wconf 83' lang='lat' dir='ltr'>pax</span> <span class='ocrx_word' id='word_1_8' title='bbox 1133 318 1187 366; x_wconf 90' lang='lat' dir='ltr'>et</span> <span class='ocrx_word' id='word_1_9' title='bbox 1224 312 1355 366; x_wconf 92' lang='lat' dir='ltr'>ordo</span> <span class='ocrx_word' id='word_1_10' title='bbox 1394 311 1597 367; x_wconf 88' lang='lat' dir='ltr'>redeat.</span> <span class='ocrx_word' id='word_1_11' title='bbox 1654 309 1838 382; x_wconf 81' lang='lat' dir='ltr'><strong>Atque</strong></span> <span class='ocrx_word' id='word_1_12' title='bbox 1875 308 2005 364; x_wconf 90' lang='lat' dir='ltr'>hinc</span> <span class='ocrx_word' id='word_1_13' title='bbox 2043 315 2140 380; x_wconf 89' lang='lat' dir='ltr'>est,</span> <span class='ocrx_word' id='word_1_14' title='bbox 2180 306 2327 382; x_wconf 91' lang='lat' dir='ltr'>quod</span> 
     </span>
     <span class='ocr_line' id='line_1_5' title="bbox 246 405 2326 478; baseline -0.001 -18"><span class='ocrx_word' id='word_1_15' title='bbox 246 406 317 460; x_wconf 88' lang='lat' dir='ltr'>ad</span> <span class='ocrx_word' id='word_1_16' title='bbox 352 425 636 460; x_wconf 89' lang='lat' dir='ltr'>romanum</span> <span class='ocrx_word' id='word_1_17' title='bbox 672 406 988 476; x_wconf 88' lang='lat' dir='ltr'>pontificem</span> <span class='ocrx_word' id='word_1_18' title='bbox 1027 405 1306 478; x_wconf 81' lang='lat' dir='ltr'>adpellare</span> <span class='ocrx_word' id='word_1_19' title='bbox 1343 407 1401 459; x_wconf 92' lang='lat' dir='ltr'>in</span> <span class='ocrx_word' id='word_1_20' title='bbox 1428 406 1592 459; x_wconf 90' lang='lat' dir='ltr'>certis</span> <span class='ocrx_word' id='word_1_21' title='bbox 1620 406 1801 459; x_wconf 88' lang='lat' dir='ltr'>causis</span> <span class='ocrx_word' id='word_1_22' title='bbox 1829 423 2165 477; x_wconf 79' lang='lat' dir='ltr'><strong>casuumque</strong></span> <span class='ocrx_word' id='word_1_23' title='bbox 2205 422 2326 475; x_wconf 90' lang='lat' dir='ltr'>spe-</span> 
     </span>
    </p>
   </div>
   <div class='ocr_carea' id='block_1_5' title="bbox 260 589 596 600">
    <p class='ocr_par' dir='ltr' id='par_1_5' title="bbox 260 589 596 600">
     <span class='ocr_line' id='line_1_6' title="bbox 260 589 596 600; baseline -0.009 0"><span class='ocrx_word' id='word_1_24' title='bbox 260 589 596 600; x_wconf 77' lang='lat'>———-—-—</span> 
     </span>
    </p>
   </div>
   <div class='ocr_carea' id='block_1_6' title="bbox 158 683 2698 2876">
    <p class='ocr_par' dir='ltr' id='par_1_6' title="bbox 158 683 2698 1774">
     <span class='ocr_line' id='line_1_7' title="bbox 158 683 2331 760; baseline -0.002 -13"><span class='ocrx_word' id='word_1_25' title='bbox 158 691 167 696; x_wconf 44' lang='lat'><em>⁶</em></span> <span class='ocrx_word' id='word_1_26' title='bbox 253 704 623 759; x_wconf 84' lang='lat' dir='ltr'>metropolitanas,</span> <span class='ocrx_word' id='word_1_27' title='bbox 666 704 966 757; x_wconf 81' lang='lat' dir='ltr'>trevirensem,</span> <span class='ocrx_word' id='word_1_28' title='bbox 998 705 1325 760; x_wconf 86' lang='lat' dir='ltr'>moguntinam,</span> <span class='ocrx_word' id='word_1_29' title='bbox 1373 704 1744 759; x_wconf 83' lang='lat' dir='ltr'>salisburgensem</span> <span class='ocrx_word' id='word_1_30' title='bbox 1791 707 1835 746; x_wconf 89' lang='lat' dir='ltr'>et</span> <span class='ocrx_word' id='word_1_31' title='bbox 1856 683 2188 754; x_wconf 42' lang='lat' dir='ltr'>*coloniensem,</span> <span class='ocrx_word' id='word_1_32' title='bbox 2236 705 2331 743; x_wconf 92' lang='lat' dir='ltr'>tum</span> 
     </span>
     <span class='ocr_line' id='line_1_8' title="bbox 182 768 2328 829; baseline -0.002 -10"><span class='ocrx_word' id='word_1_33' title='bbox 182 768 190 773; x_wconf 33' lang='grc' dir='ltr'><strong><em>Δ</em></strong></span> <span class='ocrx_word' id='word_1_34' title='bbox 243 779 374 820; x_wconf 87' lang='lat' dir='ltr'>etiam</span> <span class='ocrx_word' id='word_1_35' title='bbox 403 778 685 818; x_wconf 85' lang='lat' dir='ltr'>bremensem</span> <span class='ocrx_word' id='word_1_36' title='bbox 715 775 763 815; x_wconf 91' lang='lat' dir='ltr'>in</span> <span class='ocrx_word' id='word_1_37' title='bbox 793 774 1043 828; x_wconf 80' lang='lat' dir='ltr'>Germania,</span> <span class='ocrx_word' id='word_1_38' title='bbox 1074 776 1121 815; x_wconf 92' lang='grc'>111</span> <span class='ocrx_word' id='word_1_39' title='bbox 1151 775 1365 817; x_wconf 84' lang='lat' dir='ltr'>Bohemia</span> <span class='ocrx_word' id='word_1_40' title='bbox 1393 788 1670 829; x_wconf 86' lang='lat' dir='ltr'>pragensem,</span> <span class='ocrx_word' id='word_1_41' title='bbox 1715 777 1763 816; x_wconf 90' lang='lat' dir='ltr'>in</span> <span class='ocrx_word' id='word_1_42' title='bbox 1804 775 1951 817; x_wconf 88' lang='lat' dir='ltr'>Gallia</span> <span class='ocrx_word' id='word_1_43' title='bbox 1989 773 2328 829; x_wconf 83' lang='lat' dir='ltr'>lugdunensem,</span> 
     </span>
     <span class='ocr_line' id='line_1_9' title="bbox 250 846 2332 903; baseline -0.002 -12"><span class='ocrx_word' id='word_1_44' title='bbox 250 854 294 891; x_wconf 87' lang='lat' dir='ltr'>et</span> <span class='ocrx_word' id='word_1_45' title='bbox 322 849 654 899; x_wconf 79' lang='lat' dir='ltr'>narbonensem,</span> <span class='ocrx_word' id='word_1_46' title='bbox 685 847 924 888; x_wconf 83' lang='lat' dir='ltr'>toletanam</span> <span class='ocrx_word' id='word_1_47' title='bbox 955 848 1002 887; x_wconf 88' lang='lat' dir='ltr'>in</span> <span class='ocrx_word' id='word_1_48' title='bbox 1032 847 1260 901; x_wconf 84' lang='lat' dir='ltr'>Hispania,</span> <span class='ocrx_word' id='word_1_49' title='bbox 1308 847 1354 887; x_wconf 92' lang='lat' dir='ltr'>in</span> <span class='ocrx_word' id='word_1_50' title='bbox 1399 846 1615 888; x_wconf 84' lang='lat' dir='ltr'>Hibernia</span> <span class='ocrx_word' id='word_1_51' title='bbox 1660 859 1964 903; x_wconf 80' lang='lat' dir='ltr'>armacanam3</span> <span class='ocrx_word' id='word_1_52' title='bbox 2013 850 2056 887; x_wconf 90' lang='lat' dir='ltr'>et</span> <span class='ocrx_word' id='word_1_53' title='bbox 2101 847 2332 901; x_wconf 90' lang='lat' dir='ltr'>episcopos</span> 
     </span>
     <span class='ocr_line' id='line_1_10' title="bbox 248 911 2333 974; baseline -0.001 -11"><span class='ocrx_word' id='word_1_54' title='bbox 248 911 462 963; x_wconf 85' lang='lat' dir='ltr'>eiusmodi</span> <span class='ocrx_word' id='word_1_55' title='bbox 512 918 829 974; x_wconf 74' lang='lat' dir='ltr'>perhonorifice</span> <span class='ocrx_word' id='word_1_56' title='bbox 894 932 1042 960; x_wconf 89' lang='lat' dir='ltr'>secum</span> <span class='ocrx_word' id='word_1_57' title='bbox 1103 932 1130 960; x_wconf 92' lang='lat' dir='ltr'>a</span> <span class='ocrx_word' id='word_1_58' title='bbox 1186 919 1392 972; x_wconf 87' lang='lat' dir='ltr'>pontifice</span> <span class='ocrx_word' id='word_1_59' title='bbox 1452 924 1599 960; x_wconf 84' lang='lat' dir='ltr'>actum</span> <span class='ocrx_word' id='word_1_60' title='bbox 1662 919 1956 972; x_wconf 80' lang='lat' dir='ltr'>existimasse,</span> <span class='ocrx_word' id='word_1_61' title='bbox 2005 931 2088 961; x_wconf 88' lang='lat' dir='ltr'>nec</span> <span class='ocrx_word' id='word_1_62' title='bbox 2142 919 2333 960; x_wconf 85' lang='lat' dir='ltr'>defuisse</span> 
     </span>
     <span class='ocr_line' id='line_1_11' title="bbox 246 991 2334 1048; baseline 0 -14"><span class='ocrx_word' id='word_1_63' title='bbox 246 994 351 1048; x_wconf 90' lang='lat' dir='ltr'>„qui</span> <span class='ocrx_word' id='word_1_64' title='bbox 398 992 641 1047; x_wconf 88' lang='lat' dir='ltr'>apostolica</span> <span class='ocrx_word' id='word_1_65' title='bbox 692 991 953 1032; x_wconf 89' lang='lat' dir='ltr'>auctoritate</span> <span class='ocrx_word' id='word_1_66' title='bbox 1005 995 1232 1032; x_wconf 89' lang='lat' dir='ltr'>uterentur</span> <span class='ocrx_word' id='word_1_67' title='bbox 1281 991 1337 1031; x_wconf 89' lang='lat' dir='ltr'>ad</span> <span class='ocrx_word' id='word_1_68' title='bbox 1385 1003 1528 1032; x_wconf 90' lang='lat' dir='ltr'>mores</span> <span class='ocrx_word' id='word_1_69' title='bbox 1584 991 1891 1045; x_wconf 87' lang='lat' dir='ltr'>corrigendos,</span> <span class='ocrx_word' id='word_1_70' title='bbox 1940 991 1998 1032; x_wconf 89' lang='lat' dir='ltr'>ad</span> <span class='ocrx_word' id='word_1_71' title='bbox 2031 993 2334 1046; x_wconf 86' lang='lat' dir='ltr'>religiosorum</span> 
     </span>
     <span class='ocr_line' id='line_1_12' title="bbox 244 1063 2334 1119; baseline -0 -12"><span class='ocrx_word' id='word_1_72' title='bbox 244 1067 438 1108; x_wconf 83' lang='lat' dir='ltr'>virorum</span> <span class='ocrx_word' id='word_1_73' title='bbox 469 1069 624 1105; x_wconf 89' lang='lat' dir='ltr'>coetus</span> <span class='ocrx_word' id='word_1_74' title='bbox 655 1063 1000 1117; x_wconf 85' lang='lat' dir='ltr'>amplificandos,</span> <span class='ocrx_word' id='word_1_75' title='bbox 1049 1063 1106 1104; x_wconf 89' lang='lat' dir='ltr'>ad</span> <span class='ocrx_word' id='word_1_76' title='bbox 1137 1063 1349 1104; x_wconf 88' lang='lat' dir='ltr'>ecclesiae</span> <span class='ocrx_word' id='word_1_77' title='bbox 1395 1064 1559 1104; x_wconf 90' lang='lat' dir='ltr'>bonum</span> <span class='ocrx_word' id='word_1_78' title='bbox 1605 1065 1724 1105; x_wconf 90' lang='lat' dir='ltr'>omni</span> <span class='ocrx_word' id='word_1_79' title='bbox 1768 1078 1850 1118; x_wconf 79' lang='lat' dir='ltr'>ope</span> <span class='ocrx_word' id='word_1_80' title='bbox 1893 1065 2159 1119; x_wconf 88' lang='lat' dir='ltr'>curandum„</span> <span class='ocrx_word' id='word_1_81' title='bbox 2207 1077 2334 1106; x_wconf 91' lang='lat' dir='ltr'>secus</span> 
     </span>
     <span class='ocr_line' id='line_1_13' title="bbox 237 1135 2334 1191; baseline -0 -12"><span class='ocrx_word' id='word_1_82' title='bbox 237 1149 298 1179; x_wconf 75' lang='lat' dir='ltr'>&#39;ac</span> <span class='ocrx_word' id='word_1_83' title='bbox 351 1136 658 1190; x_wconf 79' lang='lat' dir='ltr'>metropolitae</span> <span class='ocrx_word' id='word_1_84' title='bbox 711 1140 898 1189; x_wconf 85' lang='lat' dir='ltr'>quatuor</span> <span class='ocrx_word' id='word_1_85' title='bbox 948 1135 1006 1176; x_wconf 90' lang='lat' dir='ltr'>ad</span> <span class='ocrx_word' id='word_1_86' title='bbox 1059 1148 1167 1189; x_wconf 88' lang='lat' dir='ltr'>quos</span> <span class='ocrx_word' id='word_1_87' title='bbox 1219 1135 1384 1186; x_wconf 85' lang='lat' dir='ltr'>scribit,</span> <span class='ocrx_word' id='word_1_88' title='bbox 1434 1136 1521 1176; x_wconf 87' lang='lat' dir='ltr'>iam</span> <span class='ocrx_word' id='word_1_89' title='bbox 1566 1135 1772 1188; x_wconf 84' lang='lat' dir='ltr'>facerent,</span> <span class='ocrx_word' id='word_1_90' title='bbox 1816 1140 1860 1177; x_wconf 88' lang='lat' dir='ltr'>et</span> <span class='ocrx_word' id='word_1_91' title='bbox 1900 1150 2029 1178; x_wconf 86' lang='lat' dir='ltr'>secus</span> <span class='ocrx_word' id='word_1_92' title='bbox 2075 1150 2128 1178; x_wconf 87' lang='lat' dir='ltr'>ac</span> <span class='ocrx_word' id='word_1_93' title='bbox 2166 1138 2334 1191; x_wconf 86' lang='lat' dir='ltr'>legato-</span> 
     </span>
     <span class='ocr_line' id='line_1_14' title="bbox 246 1205 2333 1264; baseline 0.001 -13"><span class='ocrx_word' id='word_1_94' title='bbox 246 1224 343 1252; x_wconf 85' lang='lat' dir='ltr'>rum</span> <span class='ocrx_word' id='word_1_95' title='bbox 373 1210 449 1251; x_wconf 85' lang='lat' dir='ltr'>alii</span> <span class='ocrx_word' id='word_1_96' title='bbox 477 1210 577 1264; x_wconf 90' lang='lat' dir='ltr'>plus</span> <span class='ocrx_word' id='word_1_97' title='bbox 608 1210 744 1250; x_wconf 89' lang='lat' dir='ltr'>semel</span> <span class='ocrx_word' id='word_1_98' title='bbox 773 1209 995 1261; x_wconf 82' lang='lat' dir='ltr'>fecissent,</span> <span class='ocrx_word' id='word_1_99' title='bbox 1026 1208 1130 1249; x_wconf 93' lang='grc'>111110</span> <span class='ocrx_word' id='word_1_100' title='bbox 1161 1208 1218 1251; x_wconf 85' lang='grc' dir='ltr'>ΙΙ.</span> <span class='ocrx_word' id='word_1_101' title='bbox 1250 1222 1323 1262; x_wconf 91' lang='lat' dir='ltr'>pp.</span> <span class='ocrx_word' id='word_1_102' title='bbox 1356 1205 1455 1251; x_wconf 83' lang='lat'>254.</span> <span class='ocrx_word' id='word_1_103' title='bbox 1489 1222 1585 1263; x_wconf 86' lang='lat' dir='ltr'>sqq.</span> <span class='ocrx_word' id='word_1_104' title='bbox 1616 1223 1690 1250; x_wconf 89' lang='lat' dir='ltr'>nn.</span> <span class='ocrx_word' id='word_1_105' title='bbox 1724 1207 1824 1254; x_wconf 81' lang='grc'>127.</span> <span class='ocrx_word' id='word_1_106' title='bbox 1858 1223 1952 1264; x_wconf 89' lang='lat' dir='ltr'>sqq.</span> <span class='ocrx_word' id='word_1_107' title='bbox 1986 1214 2030 1251; x_wconf 87' lang='lat' dir='ltr'>et</span> <span class='ocrx_word' id='word_1_108' title='bbox 2060 1223 2148 1254; x_wconf 88' lang='lat' dir='ltr'>sec.</span> <span class='ocrx_word' id='word_1_109' title='bbox 2169 1210 2225 1254; x_wconf 87' lang='lat' dir='ltr'>V.</span> <span class='ocrx_word' id='word_1_110' title='bbox 2257 1223 2333 1253; x_wconf 85' lang='lat' dir='ltr'>nn.</span> 
     </span>
     <span class='ocr_line' id='line_1_15' title="bbox 248 1279 2335 1337; baseline -0.001 -11"><span class='ocrx_word' id='word_1_111' title='bbox 248 1281 347 1326; x_wconf 78' lang='lat'>132.</span> <span class='ocrx_word' id='word_1_112' title='bbox 378 1296 476 1336; x_wconf 88' lang='lat' dir='ltr'>sqq.</span> <span class='ocrx_word' id='word_1_113' title='bbox 507 1296 581 1336; x_wconf 89' lang='lat' dir='ltr'>pp.</span> <span class='ocrx_word' id='word_1_114' title='bbox 617 1279 718 1324; x_wconf 78' lang='lat'>258.</span> <span class='ocrx_word' id='word_1_115' title='bbox 750 1294 848 1336; x_wconf 86' lang='lat' dir='ltr'>sqq.</span> <span class='ocrx_word' id='word_1_116' title='bbox 886 1282 1194 1322; x_wconf 88' lang='lat' dir='ltr'>necessitatem</span> <span class='ocrx_word' id='word_1_117' title='bbox 1234 1281 1458 1335; x_wconf 79' lang='lat' dir='ltr'>patefacit,</span> <span class='ocrx_word' id='word_1_118' title='bbox 1492 1295 1579 1335; x_wconf 90' lang='lat' dir='ltr'>qua</span> <span class='ocrx_word' id='word_1_119' title='bbox 1622 1282 2048 1337; x_wconf 83' lang='lat' dir='ltr'>factumpaullatim</span> <span class='ocrx_word' id='word_1_120' title='bbox 2080 1284 2137 1324; x_wconf 90' lang='lat' dir='ltr'>sit</span> <span class='ocrx_word' id='word_1_121' title='bbox 2168 1284 2335 1337; x_wconf 87' lang='lat' dir='ltr'>„impo-</span> 
     </span>
     <span class='ocr_line' id='line_1_16' title="bbox 247 1353 2336 1409; baseline 0 -12"><span class='ocrx_word' id='word_1_122' title='bbox 247 1356 345 1398; x_wconf 85' lang='lat' dir='ltr'>tens</span> <span class='ocrx_word' id='word_1_123' title='bbox 376 1356 492 1396; x_wconf 90' lang='lat' dir='ltr'>enim</span> <span class='ocrx_word' id='word_1_124' title='bbox 522 1354 775 1395; x_wconf 83' lang='lat' dir='ltr'>aemulandi</span> <span class='ocrx_word' id='word_1_125' title='bbox 804 1353 1012 1406; x_wconf 89' lang='lat' dir='ltr'>studium,</span> <span class='ocrx_word' id='word_1_126' title='bbox 1044 1354 1163 1407; x_wconf 92' lang='lat' dir='ltr'>quod</span> <span class='ocrx_word' id='word_1_127' title='bbox 1193 1353 1558 1408; x_wconf 81' lang='lat' dir='ltr'>Metropolitanos</span> <span class='ocrx_word' id='word_1_128' title='bbox 1588 1355 1826 1409; x_wconf 89' lang='lat' dir='ltr'>invaserat,</span> <span class='ocrx_word' id='word_1_129' title='bbox 1858 1356 1912 1397; x_wconf 87' lang='lat' dir='ltr'>de</span> <span class='ocrx_word' id='word_1_130' title='bbox 1945 1369 2031 1409; x_wconf 83' lang='lat' dir='ltr'>quo</span> <span class='ocrx_word' id='word_1_131' title='bbox 2062 1369 2130 1409; x_wconf 88' lang='lat' dir='ltr'>ap.</span> <span class='ocrx_word' id='word_1_132' title='bbox 2153 1357 2251 1399; x_wconf 88' lang='lat' dir='ltr'>Pet.</span> <span class='ocrx_word' id='word_1_133' title='bbox 2281 1355 2336 1397; x_wconf 84' lang='lat' dir='ltr'>de</span> 
     </span>
     <span class='ocr_line' id='line_1_17' title="bbox 247 1426 2336 1484; baseline -0.001 -13"><span class='ocrx_word' id='word_1_134' title='bbox 247 1431 400 1471; x_wconf 83' lang='lat' dir='ltr'>Marca</span> <span class='ocrx_word' id='word_1_135' title='bbox 428 1430 456 1472; x_wconf 84' lang='lat' dir='ltr'>l.</span> <span class='ocrx_word' id='word_1_136' title='bbox 475 1442 512 1473; x_wconf 87' lang='lat' dir='ltr'>c.</span> <span class='ocrx_word' id='word_1_137' title='bbox 534 1429 564 1472; x_wconf 89' lang='lat' dir='ltr'>l.</span> <span class='ocrx_word' id='word_1_138' title='bbox 581 1429 656 1470; x_wconf 91' lang='lat' dir='ltr'>VI.</span> <span class='ocrx_word' id='word_1_139' title='bbox 675 1442 713 1472; x_wconf 81' lang='lat' dir='ltr'>c.</span> <span class='ocrx_word' id='word_1_140' title='bbox 730 1426 802 1473; x_wconf 84' lang='lat'>29.</span> <span class='ocrx_word' id='word_1_141' title='bbox 834 1429 882 1468; x_wconf 90' lang='grc'>111</span> <span class='ocrx_word' id='word_1_142' title='bbox 913 1441 1047 1469; x_wconf 87' lang='lat' dir='ltr'>causa</span> <span class='ocrx_word' id='word_1_143' title='bbox 1076 1428 1172 1481; x_wconf 89' lang='lat' dir='ltr'>fuit,</span> <span class='ocrx_word' id='word_1_144' title='bbox 1205 1441 1283 1469; x_wconf 89' lang='lat' dir='ltr'>cur</span> <span class='ocrx_word' id='word_1_145' title='bbox 1313 1428 1548 1483; x_wconf 80' lang='lat' dir='ltr'>l’pntifices</span> <span class='ocrx_word' id='word_1_146' title='bbox 1577 1429 1777 1470; x_wconf 85' lang='lat' dir='ltr'>volentes</span> <span class='ocrx_word' id='word_1_147' title='bbox 1808 1431 2005 1471; x_wconf 88' lang='lat' dir='ltr'>iniuncto</span> <span class='ocrx_word' id='word_1_148' title='bbox 2036 1431 2120 1471; x_wconf 88' lang='lat' dir='ltr'>sibi</span> <span class='ocrx_word' id='word_1_149' title='bbox 2149 1431 2336 1484; x_wconf 89' lang='lat' dir='ltr'>Aposto-</span> 
     </span>
     <span class='ocr_line' id='line_1_18' title="bbox 245 1501 2336 1556; baseline -0 -13"><span class='ocrx_word' id='word_1_150' title='bbox 245 1506 363 1543; x_wconf 88' lang='lat' dir='ltr'>latus</span> <span class='ocrx_word' id='word_1_151' title='bbox 390 1514 571 1542; x_wconf 86' lang='lat' dir='ltr'>munere</span> <span class='ocrx_word' id='word_1_152' title='bbox 601 1501 819 1555; x_wconf 84' lang='lat' dir='ltr'>perfungi,</span> <span class='ocrx_word' id='word_1_153' title='bbox 850 1501 1140 1555; x_wconf 87' lang='lat' dir='ltr'>nolentesque</span> <span class='ocrx_word' id='word_1_154' title='bbox 1171 1502 1362 1555; x_wconf 87' lang='lat' dir='ltr'>amplius</span> <span class='ocrx_word' id='word_1_155' title='bbox 1402 1502 1622 1555; x_wconf 88' lang='lat' dir='ltr'>indigenis</span> <span class='ocrx_word' id='word_1_156' title='bbox 1652 1505 1732 1554; x_wconf 86' lang='lat' dir='ltr'>uti,</span> <span class='ocrx_word' id='word_1_157' title='bbox 1775 1503 1934 1556; x_wconf 87' lang='lat' dir='ltr'>quibus</span> <span class='ocrx_word' id='word_1_158' title='bbox 1967 1516 2083 1554; x_wconf 87' lang='lat' dir='ltr'>suas,</span> <span class='ocrx_word' id='word_1_159' title='bbox 2114 1507 2165 1544; x_wconf 88' lang='lat' dir='ltr'>ut</span> <span class='ocrx_word' id='word_1_160' title='bbox 2193 1507 2336 1553; x_wconf 86' lang='lat' dir='ltr'>antea,</span> 
     </span>
     <span class='ocr_line' id='line_1_19' title="bbox 246 1573 2696 1628; baseline -0.004 -12"><span class='ocrx_word' id='word_1_161' title='bbox 246 1576 368 1616; x_wconf 85' lang='lat' dir='ltr'>vices</span> <span class='ocrx_word' id='word_1_162' title='bbox 399 1574 734 1626; x_wconf 85' lang='lat' dir='ltr'>committerent,</span> <span class='ocrx_word' id='word_1_163' title='bbox 779 1586 833 1614; x_wconf 90' lang='lat' dir='ltr'>ac</span> <span class='ocrx_word' id='word_1_164' title='bbox 878 1573 1208 1626; x_wconf 88' lang='lat' dir='ltr'>demandarent,</span> <span class='ocrx_word' id='word_1_165' title='bbox 1254 1574 1301 1614; x_wconf 90' lang='lat' dir='ltr'>id</span> <span class='ocrx_word' id='word_1_166' title='bbox 1346 1579 1556 1628; x_wconf 91' lang='lat' dir='ltr'>ceperunt</span> <span class='ocrx_word' id='word_1_167' title='bbox 1599 1577 1773 1616; x_wconf 89' lang='lat' dir='ltr'>consilii</span> <span class='ocrx_word' id='word_1_168' title='bbox 1802 1590 1829 1616; x_wconf 85' lang='lat' dir='ltr'>a</span> <span class='ocrx_word' id='word_1_169' title='bbox 1861 1589 1977 1620; x_wconf 85' lang='lat' dir='ltr'>saec.</span> <span class='ocrx_word' id='word_1_170' title='bbox 2007 1576 2104 1619; x_wconf 88' lang='lat' dir='ltr'>XV.</span> <span class='ocrx_word' id='word_1_171' title='bbox 2137 1575 2194 1617; x_wconf 91' lang='lat' dir='ltr'>ad</span> <span class='ocrx_word' id='word_1_172' title='bbox 2223 1575 2338 1615; x_wconf 87' lang='lat' dir='ltr'>hanc</span> <span class='ocrx_word' id='word_1_173' title='bbox 2352 1574 2500 1627; x_wconf 54' lang='lat' dir='ltr'>Astaca.</span> <span class='ocrx_word' id='word_1_174' title='bbox 2528 1573 2601 1625; x_wconf 64' lang='grc' dir='ltr'>ΧΥ.</span> <span class='ocrx_word' id='word_1_175' title='bbox 2625 1582 2696 1605; x_wconf 84' lang='lat' dir='ltr'>ma-</span> 
     </span>
     <span class='ocr_line' id='line_1_20' title="bbox 246 1618 2698 1703; baseline -0 -14"><span class='ocrx_word' id='word_1_176' title='bbox 246 1660 387 1701; x_wconf 90' lang='lat' dir='ltr'>usque</span> <span class='ocrx_word' id='word_1_177' title='bbox 417 1653 613 1688; x_wconf 84' lang='lat' dir='ltr'>nostram</span> <span class='ocrx_word' id='word_1_178' title='bbox 643 1635 846 1699; x_wconf 86' lang='lat' dir='ltr'>aetatem,</span> <span class='ocrx_word' id='word_1_179' title='bbox 879 1650 928 1688; x_wconf 89' lang='lat' dir='ltr'>ut</span> <span class='ocrx_word' id='word_1_180' title='bbox 958 1660 982 1688; x_wconf 93' lang='lat' dir='ltr'>e</span> <span class='ocrx_word' id='word_1_181' title='bbox 1011 1647 1191 1701; x_wconf 90' lang='lat' dir='ltr'>proprio</span> <span class='ocrx_word' id='word_1_182' title='bbox 1222 1647 1360 1688; x_wconf 88' lang='lat' dir='ltr'>latere</span> <span class='ocrx_word' id='word_1_183' title='bbox 1390 1648 1438 1687; x_wconf 90' lang='lat' dir='ltr'>in</span> <span class='ocrx_word' id='word_1_184' title='bbox 1469 1647 1765 1703; x_wconf 82' lang='lat' dir='ltr'>Germaniam,</span> <span class='ocrx_word' id='word_1_185' title='bbox 1797 1649 1842 1689; x_wconf 92' lang='lat' dir='ltr'>in</span> <span class='ocrx_word' id='word_1_186' title='bbox 1865 1649 2066 1701; x_wconf 88' lang='lat' dir='ltr'>Galliam,</span> <span class='ocrx_word' id='word_1_187' title='bbox 2098 1649 2146 1689; x_wconf 92' lang='lat' dir='ltr'>in</span> <span class='ocrx_word' id='word_1_188' title='bbox 2174 1648 2337 1701; x_wconf 80' lang='lat' dir='ltr'>Hispa-</span> <span class='ocrx_word' id='word_1_189' title='bbox 2352 1628 2443 1652; x_wconf 56' lang='lat' dir='ltr'>mm</span> <span class='ocrx_word' id='word_1_190' title='bbox 2465 1619 2571 1694; x_wconf 52' lang='lat' dir='ltr'>253ng</span> <span class='ocrx_word' id='word_1_191' title='bbox 2597 1626 2621 1649; x_wconf 83' lang='lat' dir='ltr'>a</span> <span class='ocrx_word' id='word_1_192' title='bbox 2646 1618 2698 1649; x_wconf 81' lang='lat' dir='ltr'>za-</span> 
     </span>
     <span class='ocr_line' id='line_1_21' title="bbox 246 1719 2340 1774; baseline -0.001 -12"><span class='ocrx_word' id='word_1_193' title='bbox 246 1721 379 1774; x_wconf 85' lang='lat' dir='ltr'>niam,</span> <span class='ocrx_word' id='word_1_194' title='bbox 423 1720 471 1760; x_wconf 91' lang='grc'>111</span> <span class='ocrx_word' id='word_1_195' title='bbox 514 1720 803 1770; x_wconf 81' lang='lat' dir='ltr'>Lusitaniam,</span> <span class='ocrx_word' id='word_1_196' title='bbox 853 1723 897 1760; x_wconf 92' lang='lat' dir='ltr'>et</span> <span class='ocrx_word' id='word_1_197' title='bbox 941 1720 987 1760; x_wconf 91' lang='lat' dir='ltr'>in</span> <span class='ocrx_word' id='word_1_198' title='bbox 1031 1721 1119 1761; x_wconf 88' lang='lat' dir='ltr'>alia</span> <span class='ocrx_word' id='word_1_199' title='bbox 1159 1720 1292 1762; x_wconf 81' lang='lat' dir='ltr'>etiam</span> <span class='ocrx_word' id='word_1_200' title='bbox 1339 1734 1477 1774; x_wconf 88' lang='lat' dir='ltr'>regna</span> <span class='ocrx_word' id='word_1_201' title='bbox 1523 1722 1718 1762; x_wconf 86' lang='lat' dir='ltr'>advenas</span> <span class='ocrx_word' id='word_1_202' title='bbox 1748 1722 1933 1762; x_wconf 86' lang='lat' dir='ltr'>nuncios</span> <span class='ocrx_word' id='word_1_203' title='bbox 1963 1723 2198 1773; x_wconf 82' lang='lat' dir='ltr'>mitterent,</span> <span class='ocrx_word' id='word_1_204' title='bbox 2228 1719 2340 1760; x_wconf 91' lang='lat' dir='ltr'>nulli</span> 
     </span>
    </p>

    <p class='ocr_par' dir='ltr' id='par_1_7' title="bbox 245 1792 2336 1857">
     <span class='ocr_line' id='line_1_22' title="bbox 245 1792 2336 1857; baseline -0.001 -22"><span class='ocrx_word' id='word_1_205' title='bbox 245 1795 361 1849; x_wconf 90' lang='lat' dir='ltr'>parti</span> <span class='ocrx_word' id='word_1_206' title='bbox 389 1793 601 1857; x_wconf 81' lang='lat' dir='ltr'>addictos,</span> <span class='ocrx_word' id='word_1_207' title='bbox 633 1792 937 1834; x_wconf 86' lang='lat' dir='ltr'>ecclesiastica</span> <span class='ocrx_word' id='word_1_208' title='bbox 967 1793 1181 1847; x_wconf 83' lang='lat' dir='ltr'>dignitate</span> <span class='ocrx_word' id='word_1_209' title='bbox 1214 1799 1404 1847; x_wconf 87' lang='lat' dir='ltr'>ornatos,</span> <span class='ocrx_word' id='word_1_210' title='bbox 1434 1796 1712 1849; x_wconf 81' lang='lat' dir='ltr'>principibus</span> <span class='ocrx_word' id='word_1_211' title='bbox 1746 1807 1897 1845; x_wconf 85' lang='lat' dir='ltr'>caros3</span> <span class='ocrx_word' id='word_1_212' title='bbox 1945 1798 2080 1847; x_wconf 90' lang='lat' dir='ltr'>utque</span> <span class='ocrx_word' id='word_1_213' title='bbox 2114 1793 2232 1847; x_wconf 79' lang='lat' dir='ltr'>apud</span> <span class='ocrx_word' id='word_1_214' title='bbox 2265 1805 2336 1833; x_wconf 86' lang='lat' dir='ltr'>ca·</span> 
     </span>
    </p>

    <p class='ocr_par' dir='ltr' id='par_1_8' title="bbox 247 1856 2338 1927">
     <span class='ocr_line' id='line_1_23' title="bbox 247 1856 2338 1927; baseline -0.001 -19"><span class='ocrx_word' id='word_1_215' title='bbox 247 1856 434 1908; x_wconf 81' lang='lat' dir='ltr'>tholicas</span> <span class='ocrx_word' id='word_1_216' title='bbox 462 1866 588 1907; x_wconf 80' lang='lat' dir='ltr'>aulas</span> <span class='ocrx_word' id='word_1_217' title='bbox 634 1869 678 1907; x_wconf 86' lang='lat' dir='ltr'>et</span> <span class='ocrx_word' id='word_1_218' title='bbox 722 1867 767 1906; x_wconf 91' lang='lat' dir='ltr'>in</span> <span class='ocrx_word' id='word_1_219' title='bbox 811 1867 997 1908; x_wconf 88' lang='lat' dir='ltr'>urbibus</span> <span class='ocrx_word' id='word_1_220' title='bbox 1042 1869 1319 1927; x_wconf 75' lang='lat' dir='ltr'>principibus</span> <span class='ocrx_word' id='word_1_221' title='bbox 1352 1868 1594 1909; x_wconf 87' lang='lat' dir='ltr'>ordinarias</span> <span class='ocrx_word' id='word_1_222' title='bbox 1641 1869 1928 1909; x_wconf 86' lang='lat' dir='ltr'>nunciaturas</span> <span class='ocrx_word' id='word_1_223' title='bbox 1959 1868 2252 1917; x_wconf 87' lang='lat' dir='ltr'>instituerent,</span> <span class='ocrx_word' id='word_1_224' title='bbox 2284 1865 2338 1905; x_wconf 92' lang='lat' dir='ltr'>de</span> 
     </span>
    </p>

    <p class='ocr_par' dir='ltr' id='par_1_9' title="bbox 250 1940 2338 1994">
     <span class='ocr_line' id='line_1_24' title="bbox 250 1940 2338 1994; baseline -0.001 -14"><span class='ocrx_word' id='word_1_225' title='bbox 250 1940 409 1994; x_wconf 87' lang='lat' dir='ltr'>quibus</span> <span class='ocrx_word' id='word_1_226' title='bbox 440 1940 570 1981; x_wconf 90' lang='lat' dir='ltr'>modo</span> <span class='ocrx_word' id='word_1_227' title='bbox 601 1953 671 1981; x_wconf 91' lang='lat' dir='ltr'>res</span> <span class='ocrx_word' id='word_1_228' title='bbox 704 1944 825 1993; x_wconf 84' lang='lat' dir='ltr'>est„:</span> <span class='ocrx_word' id='word_1_229' title='bbox 857 1941 1046 1982; x_wconf 84' lang='lat' dir='ltr'>refertur</span> <span class='ocrx_word' id='word_1_230' title='bbox 1075 1942 1195 1982; x_wconf 91' lang='lat' dir='ltr'>illico</span> <span class='ocrx_word' id='word_1_231' title='bbox 1228 1954 1385 1982; x_wconf 88' lang='lat' dir='ltr'>census</span> <span class='ocrx_word' id='word_1_232' title='bbox 1418 1942 1634 1982; x_wconf 89' lang='lat' dir='ltr'>eiusmodi</span> <span class='ocrx_word' id='word_1_233' title='bbox 1665 1943 2027 1982; x_wconf 84' lang='lat' dir='ltr'>nunciaturarum</span> <span class='ocrx_word' id='word_1_234' title='bbox 2067 1946 2111 1982; x_wconf 86' lang='lat' dir='ltr'>et</span> <span class='ocrx_word' id='word_1_235' title='bbox 2140 1940 2338 1980; x_wconf 89' lang='lat' dir='ltr'>nomina-</span> 
     </span>
    </p>

    <p class='ocr_par' dir='ltr' id='par_1_10' title="bbox 246 2011 2676 2291">
     <span class='ocr_line' id='line_1_25' title="bbox 246 2011 2676 2070; baseline -0 -16"><span class='ocrx_word' id='word_1_236' title='bbox 246 2013 492 2054; x_wconf 71' lang='lat' dir='ltr'>tim‘series</span> <span class='ocrx_word' id='word_1_237' title='bbox 523 2014 757 2067; x_wconf 82' lang='lat' dir='ltr'>praebetur</span> <span class='ocrx_word' id='word_1_238' title='bbox 788 2014 1192 2056; x_wconf 87' lang='lat' dir='ltr'>Vindobonensium</span> <span class='ocrx_word' id='word_1_239' title='bbox 1223 2017 1485 2056; x_wconf 89' lang='lat' dir='ltr'>nunciorum</span> <span class='ocrx_word' id='word_1_240' title='bbox 1517 2016 1573 2057; x_wconf 88' lang='lat' dir='ltr'>ab</span> <span class='ocrx_word' id='word_1_241' title='bbox 1604 2029 1721 2057; x_wconf 89' lang='lat' dir='ltr'>anno</span> <span class='ocrx_word' id='word_1_242' title='bbox 1743 2014 1870 2068; x_wconf 80' lang='lat'>1513,</span> <span class='ocrx_word' id='word_1_243' title='bbox 1906 2016 2064 2070; x_wconf 88' lang='lat' dir='ltr'>quibus</span> <span class='ocrx_word' id='word_1_244' title='bbox 2094 2013 2206 2054; x_wconf 92' lang='lat' dir='ltr'>illud</span> <span class='ocrx_word' id='word_1_245' title='bbox 2235 2026 2337 2054; x_wconf 89' lang='lat' dir='ltr'>one·</span> <span class='ocrx_word' id='word_1_246' title='bbox 2380 2011 2676 2064; x_wconf 64' lang='lat' dir='ltr'>Potissimuqillo-</span> 
     </span>
     <span class='ocr_line' id='line_1_26' title="bbox 249 2055 2612 2146; baseline -0.001 -18"><span class='ocrx_word' id='word_1_247' title='bbox 249 2088 541 2146; x_wconf 21' lang='lat' dir='ltr'>ris-inprimis</span> <span class='ocrx_word' id='word_1_248' title='bbox 571 2089 810 2140; x_wconf 89' lang='lat' dir='ltr'>inpositum</span> <span class='ocrx_word' id='word_1_249' title='bbox 843 2093 934 2141; x_wconf 82' lang='lat' dir='ltr'>‚,ut,</span> <span class='ocrx_word' id='word_1_250' title='bbox 968 2093 1133 2142; x_wconf 80' lang='lat' dir='ltr'>quanta</span> <span class='ocrx_word' id='word_1_251' title='bbox 1163 2093 1344 2143; x_wconf 90' lang='lat' dir='ltr'>possent</span> <span class='ocrx_word' id='word_1_252' title='bbox 1373 2090 1614 2144; x_wconf 88' lang='lat' dir='ltr'>diligentia,</span> <span class='ocrx_word' id='word_1_253' title='bbox 1636 2091 1683 2130; x_wconf 91' lang='lat' dir='ltr'>in</span> <span class='ocrx_word' id='word_1_254' title='bbox 1705 2089 2040 2130; x_wconf 86' lang='lat' dir='ltr'>tridentinarum</span> <span class='ocrx_word' id='word_1_255' title='bbox 2063 2088 2340 2128; x_wconf 84' lang='lat' dir='ltr'>sanctionum</span> <span class='ocrx_word' id='word_1_256' title='bbox 2425 2055 2612 2095; x_wconf 74' lang='lat' dir='ltr'>rumfime.</span> 
     </span>
     <span class='ocr_line' id='line_1_27' title="bbox 250 2159 2340 2218; baseline -0.001 -17"><span class='ocrx_word' id='word_1_257' title='bbox 250 2173 400 2201; x_wconf 87' lang='lat' dir='ltr'>curam</span> <span class='ocrx_word' id='word_1_258' title='bbox 431 2166 475 2201; x_wconf 91' lang='lat' dir='ltr'>et</span> <span class='ocrx_word' id='word_1_259' title='bbox 507 2161 753 2201; x_wconf 86' lang='lat' dir='ltr'>custodiam</span> <span class='ocrx_word' id='word_1_260' title='bbox 783 2161 1144 2214; x_wconf 79' lang='lat' dir='ltr'>incumberent„t</span> <span class='ocrx_word' id='word_1_261' title='bbox 1178 2163 1367 2216; x_wconf 86' lang='lat' dir='ltr'>denique</span> <span class='ocrx_word' id='word_1_262' title='bbox 1399 2163 1478 2206; x_wconf 74' lang='grc'>111.</span> <span class='ocrx_word' id='word_1_263' title='bbox 1509 2164 1808 2218; x_wconf 87' lang='lat' dir='ltr'>praeposteris</span> <span class='ocrx_word' id='word_1_264' title='bbox 1838 2163 2041 2217; x_wconf 90' lang='lat' dir='ltr'>pluribus</span> <span class='ocrx_word' id='word_1_265' title='bbox 2074 2159 2340 2201; x_wconf 82' lang='lat' dir='ltr'>Germaniae</span> 
     </span>
     <span class='ocr_line' id='line_1_28' title="bbox 252 2234 2341 2291; baseline -0.001 -16"><span class='ocrx_word' id='word_1_266' title='bbox 252 2234 629 2287; x_wconf 85' lang='lat' dir='ltr'>metropolitarum</span> <span class='ocrx_word' id='word_1_267' title='bbox 674 2234 1007 2288; x_wconf 86' lang='lat' dir='ltr'>exceptionibus</span> <span class='ocrx_word' id='word_1_268' title='bbox 1053 2240 1206 2277; x_wconf 90' lang='lat' dir='ltr'>contra</span> <span class='ocrx_word' id='word_1_269' title='bbox 1248 2238 1506 2278; x_wconf 88' lang='lat' dir='ltr'>nunciorum</span> <span class='ocrx_word' id='word_1_270' title='bbox 1555 2239 1852 2291; x_wconf 83' lang='lat' dir='ltr'>praesentium</span> <span class='ocrx_word' id='word_1_271' title='bbox 1891 2237 2122 2277; x_wconf 85' lang='lat' dir='ltr'>facultates</span> <span class='ocrx_word' id='word_1_272' title='bbox 2153 2234 2341 2286; x_wconf 88' lang='lat' dir='ltr'>reiectis,</span> 
     </span>
    </p>

    <p class='ocr_par' dir='ltr' id='par_1_11' title="bbox 251 2304 2342 2364">
     <span class='ocr_line' id='line_1_29' title="bbox 251 2304 2342 2364; baseline 0 -17"><span class='ocrx_word' id='word_1_273' title='bbox 251 2307 461 2361; x_wconf 84' lang='lat' dir='ltr'>probatur</span> <span class='ocrx_word' id='word_1_274' title='bbox 490 2320 562 2361; x_wconf 91' lang='lat' dir='ltr'>pp.</span> <span class='ocrx_word' id='word_1_275' title='bbox 593 2304 696 2350; x_wconf 69' lang='lat'>262.</span> <span class='ocrx_word' id='word_1_276' title='bbox 730 2321 827 2361; x_wconf 89' lang='lat' dir='ltr'>sqq.</span> <span class='ocrx_word' id='word_1_277' title='bbox 873 2321 946 2352; x_wconf 82' lang='lat' dir='ltr'>nn.</span> <span class='ocrx_word' id='word_1_278' title='bbox 981 2306 1077 2350; x_wconf 83' lang='lat'>137.</span> <span class='ocrx_word' id='word_1_279' title='bbox 1110 2322 1209 2363; x_wconf 92' lang='lat' dir='ltr'>sqq.</span> <span class='ocrx_word' id='word_1_280' title='bbox 1255 2310 1503 2364; x_wconf 86' lang='lat' dir='ltr'>legatorum</span> <span class='ocrx_word' id='word_1_281' title='bbox 1549 2311 1653 2351; x_wconf 91' lang='lat' dir='ltr'>olim</span> <span class='ocrx_word' id='word_1_282' title='bbox 1697 2311 2038 2364; x_wconf 83' lang='lat' dir='ltr'>apostolicorum</span> <span class='ocrx_word' id='word_1_283' title='bbox 2079 2311 2342 2362; x_wconf 87' lang='lat' dir='ltr'>potestatem</span> 
     </span>
    </p>

    <p class='ocr_par' dir='ltr' id='par_1_12' title="bbox 251 2380 2341 2437">
     <span class='ocr_line' id='line_1_30' title="bbox 251 2380 2341 2437; baseline -0 -17"><span class='ocrx_word' id='word_1_284' title='bbox 251 2382 460 2421; x_wconf 90' lang='lat' dir='ltr'>maiorem</span> <span class='ocrx_word' id='word_1_285' title='bbox 505 2380 646 2421; x_wconf 37' lang='lat' dir='ltr'>fuisse*</span> <span class='ocrx_word' id='word_1_286' title='bbox 684 2381 984 2435; x_wconf 88' lang='lat' dir='ltr'>facultatibus,</span> <span class='ocrx_word' id='word_1_287' title='bbox 1035 2396 1146 2436; x_wconf 89' lang='lat' dir='ltr'>quae</span> <span class='ocrx_word' id='word_1_288' title='bbox 1188 2396 1306 2423; x_wconf 89' lang='lat' dir='ltr'>nunc</span> <span class='ocrx_word' id='word_1_289' title='bbox 1337 2384 1592 2437; x_wconf 88' lang='lat' dir='ltr'>apostolicis</span> <span class='ocrx_word' id='word_1_290' title='bbox 1623 2385 1796 2424; x_wconf 86' lang='lat' dir='ltr'>nunciis</span> <span class='ocrx_word' id='word_1_291' title='bbox 1826 2383 1962 2424; x_wconf 88' lang='lat' dir='ltr'>tribui</span> <span class='ocrx_word' id='word_1_292' title='bbox 1992 2382 2156 2431; x_wconf 84' lang='lat' dir='ltr'>solent3</span> <span class='ocrx_word' id='word_1_293' title='bbox 2188 2392 2341 2420; x_wconf 86' lang='lat' dir='ltr'>verum</span> 
     </span>
    </p>

    <p class='ocr_par' dir='ltr' id='par_1_13' title="bbox 251 2448 2341 2515">
     <span class='ocr_line' id='line_1_31' title="bbox 251 2448 2341 2515; baseline -0.001 -21"><span class='ocrx_word' id='word_1_294' title='bbox 251 2467 350 2515; x_wconf 84' lang='lat' dir='ltr'>cum</span> <span class='ocrx_word' id='word_1_295' title='bbox 382 2448 597 2495; x_wconf 88' lang='lat' dir='ltr'>eiusmodi</span> <span class='ocrx_word' id='word_1_296' title='bbox 626 2456 901 2496; x_wconf 86' lang='lat' dir='ltr'>restrictione</span> <span class='ocrx_word' id='word_1_297' title='bbox 935 2456 1169 2497; x_wconf 86' lang='lat' dir='ltr'>cohaerere</span> <span class='ocrx_word' id='word_1_298' title='bbox 1201 2470 1281 2497; x_wconf 90' lang='lat' dir='ltr'>sua</span> <span class='ocrx_word' id='word_1_299' title='bbox 1311 2463 1470 2498; x_wconf 88' lang='lat' dir='ltr'>natura</span> <span class='ocrx_word' id='word_1_300' title='bbox 1505 2458 1829 2507; x_wconf 87' lang='lat' dir='ltr'>necessitatem,</span> <span class='ocrx_word' id='word_1_301' title='bbox 1851 2455 2125 2509; x_wconf 85' lang='lat' dir='ltr'>frequentius</span> <span class='ocrx_word' id='word_1_302' title='bbox 2156 2454 2341 2493; x_wconf 88' lang='lat' dir='ltr'>Romam</span> 
     </span>
    </p>

    <p class='ocr_par' dir='ltr' id='par_1_14' title="bbox 250 2528 2342 2586">
     <span class='ocr_line' id='line_1_32' title="bbox 250 2528 2342 2586; baseline -0.001 -18"><span class='ocrx_word' id='word_1_303' title='bbox 250 2529 504 2568; x_wconf 84' lang='lat' dir='ltr'>recurrendi</span> <span class='ocrx_word' id='word_1_304' title='bbox 533 2529 874 2583; x_wconf 86' lang='lat' dir='ltr'>adpellandique</span> <span class='ocrx_word' id='word_1_305' title='bbox 916 2530 974 2571; x_wconf 90' lang='lat' dir='ltr'>ad</span> <span class='ocrx_word' id='word_1_306' title='bbox 1011 2535 1264 2584; x_wconf 85' lang='lat' dir='ltr'>supremum</span> <span class='ocrx_word' id='word_1_307' title='bbox 1304 2535 1553 2586; x_wconf 82' lang='lat' dir='ltr'>pastorem;</span> <span class='ocrx_word' id='word_1_308' title='bbox 1595 2544 1731 2584; x_wconf 88' lang='lat' dir='ltr'>quare</span> <span class='ocrx_word' id='word_1_309' title='bbox 1764 2532 1802 2571; x_wconf 89' lang='lat' dir='ltr'>si</span> <span class='ocrx_word' id='word_1_310' title='bbox 1831 2530 2050 2571; x_wconf 88' lang='lat' dir='ltr'>restrictio</span> <span class='ocrx_word' id='word_1_311' title='bbox 2067 2528 2182 2581; x_wconf 29' lang='lat' dir='ltr'>*talis</span> <span class='ocrx_word' id='word_1_312' title='bbox 2214 2530 2342 2580; x_wconf 83' lang='lat' dir='ltr'>grata</span> 
     </span>
    </p>

    <p class='ocr_par' dir='ltr' id='par_1_15' title="bbox 250 2600 2342 2658">
     <span class='ocr_line' id='line_1_33' title="bbox 250 2600 2342 2658; baseline -0.001 -17"><span class='ocrx_word' id='word_1_313' title='bbox 250 2601 364 2642; x_wconf 86' lang='lat' dir='ltr'>forte</span> <span class='ocrx_word' id='word_1_314' title='bbox 395 2602 656 2657; x_wconf 79' lang='lat' dir='ltr'>quibusdam</span> <span class='ocrx_word' id='word_1_315' title='bbox 687 2603 923 2644; x_wconf 88' lang='lat' dir='ltr'>accidisset</span> <span class='ocrx_word' id='word_1_316' title='bbox 965 2604 1058 2644; x_wconf 84' lang='lat' dir='ltr'>sive</span> <span class='ocrx_word' id='word_1_317' title='bbox 1101 2605 1318 2658; x_wconf 89' lang='lat' dir='ltr'>episcopis</span> <span class='ocrx_word' id='word_1_318' title='bbox 1369 2606 1463 2646; x_wconf 86' lang='lat' dir='ltr'>sive</span> <span class='ocrx_word' id='word_1_319' title='bbox 1494 2605 1697 2651; x_wconf 82' lang='lat' dir='ltr'>fidelibus</span> <span class='ocrx_word' id='word_1_320' title='bbox 1729 2605 1843 2656; x_wconf 86' lang='lat' dir='ltr'>aliis,</span> <span class='ocrx_word' id='word_1_321' title='bbox 1876 2604 1970 2643; x_wconf 89' lang='lat' dir='ltr'>eius</span> <span class='ocrx_word' id='word_1_322' title='bbox 2001 2605 2148 2642; x_wconf 88' lang='lat' dir='ltr'>tamen</span> <span class='ocrx_word' id='word_1_323' title='bbox 2178 2600 2244 2641; x_wconf 88' lang='lat' dir='ltr'>rei</span> <span class='ocrx_word' id='word_1_324' title='bbox 2273 2611 2342 2639; x_wconf 85' lang='lat' dir='ltr'>se—</span> 
     </span>
    </p>

    <p class='ocr_par' dir='ltr' id='par_1_16' title="bbox 254 2670 2686 2804">
     <span class='ocr_line' id='line_1_34' title="bbox 254 2670 2686 2729; baseline 0.001 -15"><span class='ocrx_word' id='word_1_325' title='bbox 254 2674 430 2728; x_wconf 89' lang='lat' dir='ltr'>quelam</span> <span class='ocrx_word' id='word_1_326' title='bbox 460 2675 557 2715; x_wconf 86' lang='lat' dir='ltr'>aliis</span> <span class='ocrx_word' id='word_1_327' title='bbox 589 2675 817 2716; x_wconf 90' lang='lat' dir='ltr'>molestam</span> <span class='ocrx_word' id='word_1_328' title='bbox 849 2676 1002 2728; x_wconf 87' lang='lat' dir='ltr'>videri,</span> <span class='ocrx_word' id='word_1_329' title='bbox 1034 2678 1099 2717; x_wconf 83' lang='lat' dir='ltr'>uti</span> <span class='ocrx_word' id='word_1_330' title='bbox 1131 2670 1295 2729; x_wconf 87' lang='lat' dir='ltr'>„Petro</span> <span class='ocrx_word' id='word_1_331' title='bbox 1325 2679 1493 2719; x_wconf 87' lang='lat' dir='ltr'>Mariae</span> <span class='ocrx_word' id='word_1_332' title='bbox 1524 2678 1726 2719; x_wconf 89' lang='lat' dir='ltr'>Vulcano</span> <span class='ocrx_word' id='word_1_333' title='bbox 1760 2675 2046 2718; x_wconf 86' lang='lat' dir='ltr'>Cracoviensi</span> <span class='ocrx_word' id='word_1_334' title='bbox 2074 2675 2122 2714; x_wconf 90' lang='lat' dir='ltr'>in</span> <span class='ocrx_word' id='word_1_335' title='bbox 2153 2686 2221 2727; x_wconf 93' lang='lat' dir='ltr'>ep.</span> <span class='ocrx_word' id='word_1_336' title='bbox 2254 2671 2342 2712; x_wconf 90' lang='lat' dir='ltr'>diei</span> <span class='ocrx_word' id='word_1_337' title='bbox 2378 2681 2525 2715; x_wconf 80' lang='lat' dir='ltr'>Vulcan.</span> <span class='ocrx_word' id='word_1_338' title='bbox 2543 2680 2686 2716; x_wconf 83' lang='lat' dir='ltr'>Cracov.</span> 
     </span>
     <span class='ocr_line' id='line_1_35' title="bbox 254 2745 2341 2804; baseline -0.002 -15"><span class='ocrx_word' id='word_1_339' title='bbox 254 2746 324 2791; x_wconf 81' lang='lat'>1&#39;7.</span> <span class='ocrx_word' id='word_1_340' title='bbox 355 2749 471 2802; x_wconf 85' lang='lat' dir='ltr'>Aug.</span> <span class='ocrx_word' id='word_1_341' title='bbox 504 2746 633 2792; x_wconf 80' lang='lat'>1591.</span> <span class='ocrx_word' id='word_1_342' title='bbox 666 2750 831 2802; x_wconf 86' lang='lat' dir='ltr'>scripta</span> <span class='ocrx_word' id='word_1_343' title='bbox 863 2748 991 2791; x_wconf 81' lang='lat' dir='ltr'>card.</span> <span class='ocrx_word' id='word_1_344' title='bbox 1026 2749 1274 2803; x_wconf 83' lang='lat' dir='ltr'>Sfondrato,</span> <span class='ocrx_word' id='word_1_345' title='bbox 1319 2764 1405 2804; x_wconf 90' lang='lat' dir='ltr'>qua</span> <span class='ocrx_word' id='word_1_346' title='bbox 1436 2752 1490 2791; x_wconf 92' lang='lat' dir='ltr'>ob</span> <span class='ocrx_word' id='word_1_347' title='bbox 1524 2751 1765 2792; x_wconf 87' lang='lat' dir='ltr'>discessum</span> <span class='ocrx_word' id='word_1_348' title='bbox 1796 2748 1958 2789; x_wconf 85' lang='lat' dir='ltr'>Nuncii</span> <span class='ocrx_word' id='word_1_349' title='bbox 1987 2761 2014 2788; x_wconf 89' lang='lat' dir='ltr'>a</span> <span class='ocrx_word' id='word_1_350' title='bbox 2043 2760 2180 2800; x_wconf 86' lang='lat' dir='ltr'>regno</span> <span class='ocrx_word' id='word_1_351' title='bbox 2211 2745 2341 2785; x_wconf 92' lang='lat' dir='ltr'>Polo-</span> 
     </span>
    </p>

    <p class='ocr_par' dir='ltr' id='par_1_17' title="bbox 254 2814 2342 2876">
     <span class='ocr_line' id='line_1_36' title="bbox 254 2814 2342 2876; baseline -0.001 -16"><span class='ocrx_word' id='word_1_352' title='bbox 254 2822 353 2861; x_wconf 79' lang='lat' dir='ltr'>niae</span> <span class='ocrx_word' id='word_1_353' title='bbox 382 2822 498 2861; x_wconf 88' lang='lat' dir='ltr'>inter</span> <span class='ocrx_word' id='word_1_354' title='bbox 529 2826 674 2862; x_wconf 89' lang='lat' dir='ltr'>cetera</span> <span class='ocrx_word' id='word_1_355' title='bbox 706 2822 837 2875; x_wconf 90' lang='lat' dir='ltr'>dolet,</span> <span class='ocrx_word' id='word_1_356' title='bbox 874 2822 991 2876; x_wconf 90' lang='lat' dir='ltr'>quod</span> <span class='ocrx_word' id='word_1_357' title='bbox 1023 2814 1183 2864; x_wconf 27' lang='lat' dir='ltr'>causale</span> <span class='ocrx_word' id='word_1_358' title='bbox 1230 2825 1276 2863; x_wconf 90' lang='lat' dir='ltr'>in</span> <span class='ocrx_word' id='word_1_359' title='bbox 1321 2823 1515 2864; x_wconf 88' lang='lat' dir='ltr'>secunda</span> <span class='ocrx_word' id='word_1_360' title='bbox 1561 2827 1604 2863; x_wconf 92' lang='lat' dir='ltr'>et</span> <span class='ocrx_word' id='word_1_361' title='bbox 1647 2824 1778 2863; x_wconf 90' lang='lat' dir='ltr'>tertia</span> <span class='ocrx_word' id='word_1_362' title='bbox 1816 2822 2028 2862; x_wconf 87' lang='lat' dir='ltr'>instantia</span> <span class='ocrx_word' id='word_1_363' title='bbox 2058 2833 2085 2860; x_wconf 92' lang='lat' dir='ltr'>a</span> <span class='ocrx_word' id='word_1_364' title='bbox 2114 2817 2342 2860; x_wconf 89' lang='lat' dir='ltr'>sententiis</span> 
     </span>
    </p>
   </div>
   <div class='ocr_carea' id='block_1_7' title="bbox 147 2891 2342 2949">
    <p class='ocr_par' dir='ltr' id='par_1_18' title="bbox 147 2891 2342 2949">
     <span class='ocr_line' id='line_1_37' title="bbox 147 2891 2342 2949; baseline -0.002 -14"><span class='ocrx_word' id='word_1_365' title='bbox 147 2894 150 2896; x_wconf 69' lang='grc'><strong>’</strong></span> <span class='ocrx_word' id='word_1_366' title='bbox 225 2917 231 2918; x_wconf 38' lang='lat'><em>⁷</em></span> <span class='ocrx_word' id='word_1_367' title='bbox 257 2893 574 2935; x_wconf 88' lang='lat' dir='ltr'>ordinariorum</span> <span class='ocrx_word' id='word_1_368' title='bbox 604 2894 762 2935; x_wconf 89' lang='lat' dir='ltr'>deferri</span> <span class='ocrx_word' id='word_1_369' title='bbox 795 2907 883 2934; x_wconf 91' lang='lat' dir='ltr'>non</span> <span class='ocrx_word' id='word_1_370' title='bbox 913 2898 1093 2948; x_wconf 88' lang='lat' dir='ltr'>possent</span> <span class='ocrx_word' id='word_1_371' title='bbox 1122 2895 1180 2935; x_wconf 87' lang='lat' dir='ltr'>ad</span> <span class='ocrx_word' id='word_1_372' title='bbox 1210 2896 1433 2948; x_wconf 89' lang='lat' dir='ltr'>nuncium,</span> <span class='ocrx_word' id='word_1_373' title='bbox 1457 2895 1662 2949; x_wconf 91' lang='lat' dir='ltr'>quodque</span> <span class='ocrx_word' id='word_1_374' title='bbox 1683 2895 1869 2934; x_wconf 89' lang='lat' dir='ltr'>Romam</span> <span class='ocrx_word' id='word_1_375' title='bbox 1899 2892 2075 2947; x_wconf 89' lang='lat' dir='ltr'>plurimi</span> <span class='ocrx_word' id='word_1_376' title='bbox 2106 2891 2342 2943; x_wconf 87' lang='lat' dir='ltr'>confugere</span> 
     </span>
    </p>
   </div>
   <div class='ocr_carea' id='block_1_8' title="bbox 244 2963 2703 4041">
    <p class='ocr_par' dir='ltr' id='par_1_19' title="bbox 255 2963 2341 3020">
     <span class='ocr_line' id='line_1_38' title="bbox 255 2963 2341 3020; baseline -0.003 -12"><span class='ocrx_word' id='word_1_377' title='bbox 255 2967 516 3020; x_wconf 87' lang='lat' dir='ltr'>nequirent„</span> <span class='ocrx_word' id='word_1_378' title='bbox 552 2999 563 3011; x_wconf 86' lang='lat'>.</span> <span class='ocrx_word' id='word_1_379' title='bbox 590 2971 610 3007; x_wconf 86' lang='grc'>“.</span> <span class='ocrx_word' id='word_1_380' title='bbox 644 2998 656 3010; x_wconf 96' lang='grc'>.</span> <span class='ocrx_word' id='word_1_381' title='bbox 702 2967 884 3008; x_wconf 77' lang='lat' dir='ltr'>Archiv,</span> <span class='ocrx_word' id='word_1_382' title='bbox 931 2967 1077 3011; x_wconf 87' lang='lat' dir='ltr'>Vatic.</span> <span class='ocrx_word' id='word_1_383' title='bbox 1125 2968 1287 3010; x_wconf 83' lang='lat' dir='ltr'>divers.</span> <span class='ocrx_word' id='word_1_384' title='bbox 1333 2971 1437 3008; x_wconf 87' lang='lat' dir='ltr'>tom.</span> <span class='ocrx_word' id='word_1_385' title='bbox 1470 2965 1541 3010; x_wconf 78' lang='lat'>62.</span> <span class='ocrx_word' id='word_1_386' title='bbox 1589 2981 1631 3020; x_wconf 88' lang='lat' dir='ltr'>p.</span> <span class='ocrx_word' id='word_1_387' title='bbox 1664 2964 1822 3020; x_wconf 76' lang='lat'>1061.‚‚</span> <span class='ocrx_word' id='word_1_388' title='bbox 1863 2965 2080 3006; x_wconf 85' lang='lat' dir='ltr'>Nimirum</span> <span class='ocrx_word' id='word_1_389' title='bbox 2110 2963 2341 3004; x_wconf 85' lang='lat' dir='ltr'>deficiente</span> 
     </span>
    </p>

    <p class='ocr_par' dir='ltr' id='par_1_20' title="bbox 244 3028 2341 3092">
     <span class='ocr_line' id='line_1_39' title="bbox 244 3028 2341 3092; baseline -0.002 -12"><span class='ocrx_word' id='word_1_390' title='bbox 244 3028 388 3080; x_wconf 24' lang='lat' dir='ltr'>‘onere</span> <span class='ocrx_word' id='word_1_391' title='bbox 418 3039 678 3086; x_wconf 82' lang='lat' dir='ltr'>nunciorum</span> <span class='ocrx_word' id='word_1_392' title='bbox 721 3039 1039 3092; x_wconf 85' lang='lat' dir='ltr'>potestatisque</span> <span class='ocrx_word' id='word_1_393' title='bbox 1081 3028 1245 3092; x_wconf 89' lang='lat' dir='ltr'>eorum,</span> <span class='ocrx_word' id='word_1_394' title='bbox 1287 3039 1412 3080; x_wconf 88' lang='lat' dir='ltr'>adest</span> <span class='ocrx_word' id='word_1_395' title='bbox 1442 3043 1485 3080; x_wconf 89' lang='lat' dir='ltr'>et</span> <span class='ocrx_word' id='word_1_396' title='bbox 1517 3041 1675 3079; x_wconf 87' lang='lat' dir='ltr'>crescit</span> <span class='ocrx_word' id='word_1_397' title='bbox 1706 3052 1818 3080; x_wconf 86' lang='lat' dir='ltr'>onus</span> <span class='ocrx_word' id='word_1_398' title='bbox 1847 3042 1986 3079; x_wconf 89' lang='lat' dir='ltr'>semet</span> <span class='ocrx_word' id='word_1_399' title='bbox 2015 3038 2201 3078; x_wconf 86' lang='lat' dir='ltr'>Romam</span> <span class='ocrx_word' id='word_1_400' title='bbox 2230 3036 2341 3076; x_wconf 87' lang='lat' dir='ltr'>reci-</span> 
     </span>
    </p>

    <p class='ocr_par' dir='ltr' id='par_1_21' title="bbox 257 3098 2341 3166">
     <span class='ocr_line' id='line_1_40' title="bbox 257 3098 2341 3166; baseline -0.001 -16"><span class='ocrx_word' id='word_1_401' title='bbox 257 3111 419 3164; x_wconf 89' lang='lat' dir='ltr'>piendi.</span> <span class='ocrx_word' id='word_1_402' title='bbox 447 3112 640 3166; x_wconf 86' lang='lat' dir='ltr'>Vigebat</span> <span class='ocrx_word' id='word_1_403' title='bbox 679 3114 798 3154; x_wconf 88' lang='lat' dir='ltr'>olim-</span> <span class='ocrx_word' id='word_1_404' title='bbox 827 3114 875 3153; x_wconf 88' lang='grc'>111</span> <span class='ocrx_word' id='word_1_405' title='bbox 920 3113 1109 3154; x_wconf 84' lang='lat' dir='ltr'>ecclesia</span> <span class='ocrx_word' id='word_1_406' title='bbox 1156 3113 1400 3166; x_wconf 89' lang='lat' dir='ltr'>disciplina,</span> <span class='ocrx_word' id='word_1_407' title='bbox 1447 3125 1534 3166; x_wconf 90' lang='lat' dir='ltr'>qua</span> <span class='ocrx_word' id='word_1_408' title='bbox 1563 3112 1730 3154; x_wconf 87' lang='lat' dir='ltr'>Vicarii</span> <span class='ocrx_word' id='word_1_409' title='bbox 1760 3112 1983 3165; x_wconf 88' lang='lat' dir='ltr'>legatique</span> <span class='ocrx_word' id='word_1_410' title='bbox 2013 3098 2184 3150; x_wconf 75' lang='lat' dir='ltr'>romani</span> <span class='ocrx_word' id='word_1_411' title='bbox 2213 3109 2341 3149; x_wconf 89' lang='lat' dir='ltr'>iuris—</span> 
     </span>
    </p>

    <p class='ocr_par' dir='ltr' id='par_1_22' title="bbox 259 3182 2702 3386">
     <span class='ocr_line' id='line_1_41' title="bbox 259 3182 2702 3240; baseline 0 -18"><span class='ocrx_word' id='word_1_412' title='bbox 259 3183 448 3224; x_wconf 86' lang='lat' dir='ltr'>dictione</span> <span class='ocrx_word' id='word_1_413' title='bbox 479 3185 681 3237; x_wconf 81' lang='lat' dir='ltr'>ampliori</span> <span class='ocrx_word' id='word_1_414' title='bbox 711 3185 1062 3239; x_wconf 67' lang='lat' dir='ltr'>instruerentur,</span> <span class='ocrx_word' id='word_1_415' title='bbox 1094 3185 1626 3231; x_wconf 84' lang='lat' dir='ltr'>restrictiornunciorum</span> <span class='ocrx_word' id='word_1_416' title='bbox 1655 3188 1851 3238; x_wconf 87' lang='lat' dir='ltr'>potestas</span> <span class='ocrx_word' id='word_1_417' title='bbox 1872 3197 1928 3224; x_wconf 86' lang='lat' dir='ltr'>ex</span> <span class='ocrx_word' id='word_1_418' title='bbox 1949 3183 2182 3224; x_wconf 91' lang='lat' dir='ltr'>recentiori</span> <span class='ocrx_word' id='word_1_419' title='bbox 2211 3182 2341 3222; x_wconf 89' lang='lat' dir='ltr'>disci·</span> <span class='ocrx_word' id='word_1_420' title='bbox 2355 3187 2559 3240; x_wconf 40' lang='lat' dir='ltr'>Preti-ocati?</span> <span class='ocrx_word' id='word_1_421' title='bbox 2571 3190 2621 3221; x_wconf 81' lang='lat' dir='ltr'>ad</span> <span class='ocrx_word' id='word_1_422' title='bbox 2636 3190 2702 3224; x_wconf 78' lang='lat' dir='ltr'>vet.</span> 
     </span>
     <span class='ocr_line' id='line_1_42' title="bbox 259 3233 2645 3314; baseline -0.003 -14"><span class='ocrx_word' id='word_1_423' title='bbox 259 3259 381 3314; x_wconf 87' lang='lat' dir='ltr'>plina</span> <span class='ocrx_word' id='word_1_424' title='bbox 411 3261 650 3311; x_wconf 83' lang='lat' dir='ltr'>comparet.</span> <span class='ocrx_word' id='word_1_425' title='bbox 681 3257 740 3297; x_wconf 87' lang='lat' dir='ltr'>Et</span> <span class='ocrx_word' id='word_1_426' title='bbox 770 3261 919 3298; x_wconf 87' lang='lat' dir='ltr'>tamen</span> <span class='ocrx_word' id='word_1_427' title='bbox 948 3271 1038 3298; x_wconf 92' lang='lat' dir='ltr'>non</span> <span class='ocrx_word' id='word_1_428' title='bbox 1068 3258 1241 3310; x_wconf 87' lang='lat' dir='ltr'>desunt,</span> <span class='ocrx_word' id='word_1_429' title='bbox 1275 3258 1349 3311; x_wconf 91' lang='lat' dir='ltr'>qui</span> <span class='ocrx_word' id='word_1_430' title='bbox 1381 3262 1534 3298; x_wconf 87' lang='lat' dir='ltr'>contra</span> <span class='ocrx_word' id='word_1_431' title='bbox 1563 3258 1840 3298; x_wconf 83' lang='lat' dir='ltr'>nuntiaturas</span> <span class='ocrx_word' id='word_1_432' title='bbox 1870 3256 2118 3310; x_wconf 86' lang='lat' dir='ltr'>pontificias</span> <span class='ocrx_word' id='word_1_433' title='bbox 2150 3254 2236 3308; x_wconf 88' lang='lat' dir='ltr'>„ad</span> <span class='ocrx_word' id='word_1_434' title='bbox 2264 3267 2341 3295; x_wconf 88' lang='lat' dir='ltr'>an·</span> <span class='ocrx_word' id='word_1_435' title='bbox 2408 3233 2645 3273; x_wconf 69' lang='lat' dir='ltr'>dwmpzmam.</span> 
     </span>
     <span class='ocr_line' id='line_1_43' title="bbox 261 3318 2341 3386; baseline -0.003 -13"><span class='ocrx_word' id='word_1_436' title='bbox 261 3334 428 3386; x_wconf 86' lang='lat' dir='ltr'>tiquam</span> <span class='ocrx_word' id='word_1_437' title='bbox 458 3318 769 3384; x_wconf 74' lang='lat' dir='ltr'>purioremque</span> <span class='ocrx_word' id='word_1_438' title='bbox 815 3330 1094 3384; x_wconf 86' lang='lat' dir='ltr'>disciplinam</span> <span class='ocrx_word' id='word_1_439' title='bbox 1139 3335 1422 3385; x_wconf 88' lang='lat' dir='ltr'>provocent.„</span> <span class='ocrx_word' id='word_1_440' title='bbox 1449 3326 1692 3374; x_wconf 81' lang='lat' dir='ltr'>&#39;Videlicet</span> <span class='ocrx_word' id='word_1_441' title='bbox 1723 3329 1763 3374; x_wconf 84' lang='lat'>1.</span> <span class='ocrx_word' id='word_1_442' title='bbox 1793 3326 2088 3384; x_wconf 87' lang='lat' dir='ltr'>praepostere,</span> <span class='ocrx_word' id='word_1_443' title='bbox 2119 3332 2169 3369; x_wconf 89' lang='lat' dir='ltr'>ut</span> <span class='ocrx_word' id='word_1_444' title='bbox 2197 3331 2341 3381; x_wconf 87' lang='lat' dir='ltr'>patet:</span> 
     </span>
    </p>

    <p class='ocr_par' dir='ltr' id='par_1_23' title="bbox 261 3398 2343 3458">
     <span class='ocr_line' id='line_1_44' title="bbox 261 3398 2343 3458; baseline -0.003 -11"><span class='ocrx_word' id='word_1_445' title='bbox 261 3410 353 3447; x_wconf 89' lang='lat' dir='ltr'>tum</span> <span class='ocrx_word' id='word_1_446' title='bbox 383 3417 486 3445; x_wconf 84' lang='lat' dir='ltr'>vero</span> <span class='ocrx_word' id='word_1_447' title='bbox 516 3401 560 3447; x_wconf 78' lang='lat'>2.</span> <span class='ocrx_word' id='word_1_448' title='bbox 591 3416 755 3457; x_wconf 89' lang='lat' dir='ltr'>parum</span> <span class='ocrx_word' id='word_1_449' title='bbox 776 3404 873 3458; x_wconf 66' lang='lat' dir='ltr'>pie,</span> <span class='ocrx_word' id='word_1_450' title='bbox 906 3404 1113 3457; x_wconf 86' lang='lat' dir='ltr'>„perinde</span> <span class='ocrx_word' id='word_1_451' title='bbox 1145 3418 1197 3445; x_wconf 89' lang='lat' dir='ltr'>ac</span> <span class='ocrx_word' id='word_1_452' title='bbox 1228 3405 1278 3456; x_wconf 90' lang='lat' dir='ltr'>si,</span> <span class='ocrx_word' id='word_1_453' title='bbox 1310 3405 1372 3446; x_wconf 91' lang='lat' dir='ltr'>ait</span> <span class='ocrx_word' id='word_1_454' title='bbox 1401 3405 1509 3446; x_wconf 91' lang='lat' dir='ltr'>Pius</span> <span class='ocrx_word' id='word_1_455' title='bbox 1538 3405 1567 3445; x_wconf 96' lang='grc'>1.</span> <span class='ocrx_word' id='word_1_456' title='bbox 1601 3418 1638 3445; x_wconf 90' lang='lat' dir='ltr'>c.</span> <span class='ocrx_word' id='word_1_457' title='bbox 1671 3418 1759 3447; x_wconf 89' lang='lat' dir='ltr'>sec.</span> <span class='ocrx_word' id='word_1_458' title='bbox 1782 3404 1835 3447; x_wconf 91' lang='lat' dir='ltr'>V.</span> <span class='ocrx_word' id='word_1_459' title='bbox 1867 3417 1912 3447; x_wconf 89' lang='lat' dir='ltr'>n.</span> <span class='ocrx_word' id='word_1_460' title='bbox 1933 3400 2034 3447; x_wconf 80' lang='lat'>144.</span> <span class='ocrx_word' id='word_1_461' title='bbox 2066 3416 2108 3455; x_wconf 93' lang='lat' dir='ltr'>p.</span> <span class='ocrx_word' id='word_1_462' title='bbox 2141 3398 2239 3442; x_wconf 75' lang='lat'>267.</span> <span class='ocrx_word' id='word_1_463' title='bbox 2272 3413 2343 3442; x_wconf 88' lang='lat' dir='ltr'>ec-</span> 
     </span>
    </p>

    <p class='ocr_par' dir='ltr' id='par_1_24' title="bbox 263 3474 2345 3534">
     <span class='ocr_line' id='line_1_45' title="bbox 263 3474 2345 3534; baseline -0.002 -16"><span class='ocrx_word' id='word_1_464' title='bbox 263 3478 409 3534; x_wconf 85' lang='lat' dir='ltr'>clesia,</span> <span class='ocrx_word' id='word_1_465' title='bbox 442 3477 544 3517; x_wconf 83' lang='lat' dir='ltr'>dum</span> <span class='ocrx_word' id='word_1_466' title='bbox 574 3488 810 3530; x_wconf 88' lang='lat' dir='ltr'>parumper</span> <span class='ocrx_word' id='word_1_467' title='bbox 854 3476 908 3516; x_wconf 90' lang='lat' dir='ltr'>de</span> <span class='ocrx_word' id='word_1_468' title='bbox 952 3477 1136 3530; x_wconf 89' lang='lat' dir='ltr'>antiqua</span> <span class='ocrx_word' id='word_1_469' title='bbox 1165 3476 1400 3530; x_wconf 87' lang='lat' dir='ltr'>disciplina</span> <span class='ocrx_word' id='word_1_470' title='bbox 1431 3477 1634 3529; x_wconf 88' lang='lat' dir='ltr'>decessit,</span> <span class='ocrx_word' id='word_1_471' title='bbox 1667 3477 1723 3518; x_wconf 92' lang='lat' dir='ltr'>ab</span> <span class='ocrx_word' id='word_1_472' title='bbox 1755 3476 1909 3518; x_wconf 90' lang='lat' dir='ltr'>eodem</span> <span class='ocrx_word' id='word_1_473' title='bbox 1938 3476 2024 3516; x_wconf 91' lang='lat' dir='ltr'>Dei</span> <span class='ocrx_word' id='word_1_474' title='bbox 2054 3474 2220 3528; x_wconf 84' lang='lat' dir='ltr'>Spiritu</span> <span class='ocrx_word' id='word_1_475' title='bbox 2249 3474 2345 3528; x_wconf 86' lang='lat' dir='ltr'>regi</span> 
     </span>
    </p>

    <p class='ocr_par' dir='ltr' id='par_1_25' title="bbox 262 3545 2703 3675">
     <span class='ocr_line' id='line_1_46' title="bbox 263 3545 2703 3608; baseline -0.001 -17"><span class='ocrx_word' id='word_1_476' title='bbox 263 3564 316 3592; x_wconf 92' lang='lat' dir='ltr'>ac</span> <span class='ocrx_word' id='word_1_477' title='bbox 346 3549 583 3603; x_wconf 86' lang='lat' dir='ltr'>gubernari</span> <span class='ocrx_word' id='word_1_478' title='bbox 621 3547 854 3603; x_wconf 78' lang='lat' dir='ltr'>desierit„;</span> <span class='ocrx_word' id='word_1_479' title='bbox 892 3551 1024 3601; x_wconf 86' lang='lat' dir='ltr'>atque</span> <span class='ocrx_word' id='word_1_480' title='bbox 1062 3545 1104 3588; x_wconf 87' lang='lat'>3.</span> <span class='ocrx_word' id='word_1_481' title='bbox 1146 3549 1328 3590; x_wconf 86' lang='lat' dir='ltr'>audiant</span> <span class='ocrx_word' id='word_1_482' title='bbox 1367 3548 1558 3602; x_wconf 85' lang='lat' dir='ltr'>archiep.</span> <span class='ocrx_word' id='word_1_483' title='bbox 1600 3549 1808 3592; x_wconf 83' lang='lat' dir='ltr'>Mechlin.</span> <span class='ocrx_word' id='word_1_484' title='bbox 1843 3548 1960 3590; x_wconf 90' lang='lat' dir='ltr'>Guil.</span> <span class='ocrx_word' id='word_1_485' title='bbox 1993 3547 2046 3588; x_wconf 91' lang='lat' dir='ltr'>de</span> <span class='ocrx_word' id='word_1_486' title='bbox 2077 3547 2570 3608; x_wconf 71' lang='lat' dir='ltr'>Precissian.1’recis.s·iqn.</span> <span class='ocrx_word' id='word_1_487' title='bbox 2589 3556 2703 3590; x_wconf 79' lang='lat' dir='ltr'>Mech-</span> 
     </span>
     <span class='ocr_line' id='line_1_47' title="bbox 262 3602 2562 3675; baseline -0.002 -12"><span class='ocrx_word' id='word_1_488' title='bbox 262 3622 310 3663; x_wconf 91' lang='lat' dir='ltr'>in</span> <span class='ocrx_word' id='word_1_489' title='bbox 340 3635 408 3675; x_wconf 90' lang='lat' dir='ltr'>ep.</span> <span class='ocrx_word' id='word_1_490' title='bbox 439 3624 552 3674; x_wconf 87' lang='lat' dir='ltr'>past.</span> <span class='ocrx_word' id='word_1_491' title='bbox 586 3617 654 3660; x_wconf 82' lang='lat'>12.</span> <span class='ocrx_word' id='word_1_492' title='bbox 687 3618 846 3660; x_wconf 90' lang='lat' dir='ltr'>Octob.</span> <span class='ocrx_word' id='word_1_493' title='bbox 879 3617 1008 3663; x_wconf 82' lang='lat'>1692.</span> <span class='ocrx_word' id='word_1_494' title='bbox 1042 3620 1239 3672; x_wconf 88' lang='lat' dir='ltr'>„Habuit</span> <span class='ocrx_word' id='word_1_495' title='bbox 1270 3621 1458 3661; x_wconf 88' lang='lat' dir='ltr'>ecclesia</span> <span class='ocrx_word' id='word_1_496' title='bbox 1487 3621 1605 3673; x_wconf 87' lang='lat' dir='ltr'>olim,</span> <span class='ocrx_word' id='word_1_497' title='bbox 1652 3635 1706 3662; x_wconf 86' lang='lat' dir='ltr'>ex</span> <span class='ocrx_word' id='word_1_498' title='bbox 1738 3634 1824 3674; x_wconf 91' lang='lat' dir='ltr'>quo</span> <span class='ocrx_word' id='word_1_499' title='bbox 1857 3621 2017 3674; x_wconf 88' lang='lat' dir='ltr'>corrigi</span> <span class='ocrx_word' id='word_1_500' title='bbox 2046 3621 2187 3674; x_wconf 88' lang='lat' dir='ltr'>possit</span> <span class='ocrx_word' id='word_1_501' title='bbox 2216 3619 2345 3660; x_wconf 85' lang='lat' dir='ltr'>hodi·</span> <span class='ocrx_word' id='word_1_502' title='bbox 2498 3602 2562 3636; x_wconf 78' lang='lat' dir='ltr'>zm,</span> 
     </span>
    </p>

    <p class='ocr_par' dir='ltr' id='par_1_26' title="bbox 265 3691 2342 3753">
     <span class='ocr_line' id='line_1_48' title="bbox 265 3691 2342 3753; baseline -0.001 -18"><span class='ocrx_word' id='word_1_503' title='bbox 265 3693 370 3736; x_wconf 89' lang='lat' dir='ltr'>erna</span> <span class='ocrx_word' id='word_1_504' title='bbox 399 3692 657 3747; x_wconf 66' lang='lat' dir='ltr'>disciplina,</span> <span class='ocrx_word' id='word_1_505' title='bbox 704 3691 782 3732; x_wconf 90' lang='lat' dir='ltr'>sed</span> <span class='ocrx_word' id='word_1_506' title='bbox 827 3696 887 3753; x_wconf 14' lang='lat' dir='ltr'>et*</span> <span class='ocrx_word' id='word_1_507' title='bbox 914 3692 1000 3732; x_wconf 89' lang='lat' dir='ltr'>iam</span> <span class='ocrx_word' id='word_1_508' title='bbox 1046 3693 1190 3745; x_wconf 81' lang='lat' dir='ltr'>habet,</span> <span class='ocrx_word' id='word_1_509' title='bbox 1236 3693 1352 3734; x_wconf 88' lang='lat' dir='ltr'>unde</span> <span class='ocrx_word' id='word_1_510' title='bbox 1384 3695 1541 3748; x_wconf 89' lang='lat' dir='ltr'>corrigi</span> <span class='ocrx_word' id='word_1_511' title='bbox 1573 3695 1720 3748; x_wconf 90' lang='lat' dir='ltr'>potuit</span> <span class='ocrx_word' id='word_1_512' title='bbox 1748 3694 1943 3747; x_wconf 86' lang='lat' dir='ltr'>antiqua,</span> <span class='ocrx_word' id='word_1_513' title='bbox 1975 3692 2342 3747; x_wconf 87' lang='lat' dir='ltr'>quemadmodum</span> 
     </span>
    </p>

    <p class='ocr_par' dir='ltr' id='par_1_27' title="bbox 263 3765 2342 3821">
     <span class='ocr_line' id='line_1_49' title="bbox 263 3765 2342 3821; baseline -0 -14"><span class='ocrx_word' id='word_1_514' title='bbox 263 3767 393 3821; x_wconf 89' lang='lat' dir='ltr'>periti</span> <span class='ocrx_word' id='word_1_515' title='bbox 421 3770 667 3818; x_wconf 90' lang='lat' dir='ltr'>temporum</span> <span class='ocrx_word' id='word_1_516' title='bbox 712 3777 766 3804; x_wconf 88' lang='lat' dir='ltr'>ac</span> <span class='ocrx_word' id='word_1_517' title='bbox 809 3777 980 3820; x_wconf 85' lang='lat' dir='ltr'>morum</span> <span class='ocrx_word' id='word_1_518' title='bbox 1025 3770 1186 3807; x_wconf 88' lang='lat' dir='ltr'>norunt</span> <span class='ocrx_word' id='word_1_519' title='bbox 1230 3770 1364 3820; x_wconf 85' lang='lat' dir='ltr'>atque</span> <span class='ocrx_word' id='word_1_520' title='bbox 1395 3771 1654 3820; x_wconf 82' lang='lat' dir='ltr'>testantur.,‚</span> <span class='ocrx_word' id='word_1_521' title='bbox 1691 3766 1774 3808; x_wconf 88' lang='lat' dir='ltr'>Cui</span> <span class='ocrx_word' id='word_1_522' title='bbox 1803 3767 2020 3808; x_wconf 88' lang='lat' dir='ltr'>consentit</span> <span class='ocrx_word' id='word_1_523' title='bbox 2048 3766 2110 3809; x_wconf 89' lang='lat' dir='ltr'>M.</span> <span class='ocrx_word' id='word_1_524' title='bbox 2129 3766 2256 3809; x_wconf 78' lang='lat' dir='ltr'>Flev.</span> <span class='ocrx_word' id='word_1_525' title='bbox 2287 3765 2342 3806; x_wconf 88' lang='lat' dir='ltr'>de</span> 
     </span>
    </p>

    <p class='ocr_par' dir='ltr' id='par_1_28' title="bbox 255 3837 2617 3967">
     <span class='ocr_line' id='line_1_50' title="bbox 264 3837 2617 3893; baseline 0 -12"><span class='ocrx_word' id='word_1_526' title='bbox 264 3839 408 3882; x_wconf 85' lang='lat' dir='ltr'>Reval</span> <span class='ocrx_word' id='word_1_527' title='bbox 438 3838 731 3892; x_wconf 87' lang='lat' dir='ltr'>„Catechism.</span> <span class='ocrx_word' id='word_1_528' title='bbox 749 3837 935 3891; x_wconf 81' lang='lat' dir='ltr'>philos„,</span> <span class='ocrx_word' id='word_1_529' title='bbox 970 3838 1112 3882; x_wconf 85' lang='lat' dir='ltr'>Paris.</span> <span class='ocrx_word' id='word_1_530' title='bbox 1139 3837 1267 3884; x_wconf 79' lang='grc'>1777.</span> <span class='ocrx_word' id='word_1_531' title='bbox 1289 3853 1332 3893; x_wconf 82' lang='grc' dir='ltr'>Ρ.</span> <span class='ocrx_word' id='word_1_532' title='bbox 1353 3837 1454 3883; x_wconf 82' lang='grc'>587.</span> <span class='ocrx_word' id='word_1_533' title='bbox 1487 3839 1604 3880; x_wconf 88' lang='lat' dir='ltr'>Audi</span> <span class='ocrx_word' id='word_1_534' title='bbox 1625 3840 1755 3880; x_wconf 90' lang='lat' dir='ltr'>etiam</span> <span class='ocrx_word' id='word_1_535' title='bbox 1777 3839 2011 3880; x_wconf 87' lang='lat' dir='ltr'>Erasmum</span> <span class='ocrx_word' id='word_1_536' title='bbox 2027 3839 2073 3879; x_wconf 92' lang='lat' dir='ltr'>in</span> <span class='ocrx_word' id='word_1_537' title='bbox 2089 3851 2158 3892; x_wconf 86' lang='lat' dir='ltr'>ep.</span> <span class='ocrx_word' id='word_1_538' title='bbox 2179 3838 2343 3893; x_wconf 86' lang='lat' dir='ltr'>scripta</span> <span class='ocrx_word' id='word_1_539' title='bbox 2429 3846 2617 3883; x_wconf 65' lang='lat' dir='ltr'>Erasmus.</span> 
     </span>
     <span class='ocr_line' id='line_1_51' title="bbox 255 3910 2341 3967; baseline -0.002 -12"><span class='ocrx_word' id='word_1_540' title='bbox 255 3927 338 3957; x_wconf 78' lang='lat' dir='ltr'>an.</span> <span class='ocrx_word' id='word_1_541' title='bbox 369 3911 495 3955; x_wconf 82' lang='lat'>1529.</span> <span class='ocrx_word' id='word_1_542' title='bbox 529 3916 573 3953; x_wconf 93' lang='lat' dir='ltr'>et</span> <span class='ocrx_word' id='word_1_543' title='bbox 602 3912 703 3953; x_wconf 90' lang='lat' dir='ltr'>edit.</span> <span class='ocrx_word' id='word_1_544' title='bbox 738 3910 890 3955; x_wconf 87' lang='lat' dir='ltr'>Colon.</span> <span class='ocrx_word' id='word_1_545' title='bbox 921 3924 992 3956; x_wconf 81' lang='lat' dir='ltr'>an.</span> <span class='ocrx_word' id='word_1_546' title='bbox 1025 3910 1152 3955; x_wconf 80' lang='lat'>1541.</span> <span class='ocrx_word' id='word_1_547' title='bbox 1189 3911 1330 3965; x_wconf 84' lang='lat' dir='ltr'>„Cum</span> <span class='ocrx_word' id='word_1_548' title='bbox 1361 3912 1564 3966; x_wconf 86' lang='lat' dir='ltr'>ecclesia,</span> <span class='ocrx_word' id='word_1_549' title='bbox 1596 3912 1751 3967; x_wconf 90' lang='lat' dir='ltr'>inquit,</span> <span class='ocrx_word' id='word_1_550' title='bbox 1775 3910 2141 3967; x_wconf 88' lang='lat' dir='ltr'>quemadmodum</span> <span class='ocrx_word' id='word_1_551' title='bbox 2170 3923 2240 3951; x_wconf 87' lang='lat' dir='ltr'>res</span> <span class='ocrx_word' id='word_1_552' title='bbox 2272 3923 2341 3951; x_wconf 88' lang='lat' dir='ltr'>ce-</span> 
     </span>
    </p>

    <p class='ocr_par' dir='ltr' id='par_1_29' title="bbox 264 3984 2343 4041">
     <span class='ocr_line' id='line_1_52' title="bbox 264 3984 2343 4041; baseline -0.002 -13"><span class='ocrx_word' id='word_1_553' title='bbox 264 3990 384 4029; x_wconf 78' lang='lat' dir='ltr'>terae</span> <span class='ocrx_word' id='word_1_554' title='bbox 415 3986 664 4028; x_wconf 83' lang='lat' dir='ltr'>mortalium</span> <span class='ocrx_word' id='word_1_555' title='bbox 696 3997 860 4037; x_wconf 80' lang='grc'>01111105,</span> <span class='ocrx_word' id='word_1_556' title='bbox 892 3984 1053 4027; x_wconf 89' lang='lat' dir='ltr'>habeat</span> <span class='ocrx_word' id='word_1_557' title='bbox 1082 3985 1342 4040; x_wconf 87' lang='lat' dir='ltr'>rudimenta,</span> <span class='ocrx_word' id='word_1_558' title='bbox 1379 4000 1661 4041; x_wconf 84' lang='lat' dir='ltr'>progressum</span> <span class='ocrx_word' id='word_1_559' title='bbox 1703 3992 1747 4029; x_wconf 87' lang='lat' dir='ltr'>et</span> <span class='ocrx_word' id='word_1_560' title='bbox 1776 3996 2017 4041; x_wconf 75' lang='lat' dir='ltr'>summam3</span> <span class='ocrx_word' id='word_1_561' title='bbox 2048 3998 2165 4026; x_wconf 89' lang='lat' dir='ltr'>nunc</span> <span class='ocrx_word' id='word_1_562' title='bbox 2197 3984 2343 4027; x_wconf 88' lang='lat' dir='ltr'>subito</span> 
     </span>
    </p>
   </div>
   <div class='ocr_carea' id='block_1_9' title="bbox 1992 4070 2081 4114">
    <p class='ocr_par' dir='ltr' id='par_1_30' title="bbox 1992 4070 2081 4114">
     <span class='ocr_line' id='line_1_53' title="bbox 1992 4070 2081 4114; baseline 0.011 -1"><span class='ocrx_word' id='word_1_563' title='bbox 1992 4070 2081 4114; x_wconf 62' lang='lat'>53*</span> 
     </span>
    </p>
   </div>
  </div>
 </body>
</html>
