2716 4446
1031 147 1380 214 253-

172 298 430 360 ecclesias
468 298 843 376 apocalyptica
880 299 1034 354 daret
1082 298 1314 367 monita,
1375 296 1472 352 scd
1522 295 1669 370 quod
1717 296 1775 351 in
1811 292 2027 350 illarum
2065 289 2243 367 capite

171 418 236 453 ac
271 397 556 471 metropoli
581 397 622 470 1)
677 395 1032 451 communiter
1084 393 1268 448 sedem
1317 392 1533 464 figeret,
1594 392 1738 447 unde
1789 391 2036 446 ecclesiis
2076 388 2241 443 Asiae

169 491 395 564 reliquis
432 489 783 563 praesideret.

341 604 426 661 58.
476 605 629 672 Quae
673 603 1037 658 declaratione
1076 600 1349 674 egregiass)
1413 621 1445 654 a
1485 599 1821 655 Tertulliano
1873 598 2242 653 illustrantur:

167 696 464 767 „Percurre
477 738 491 767 ,
531 698 734 770 inquit,
787 697 1047 750 ecclesias
1075 695 1415 767 apostolicaS,
1455 694 1599 766 apud
1635 713 1769 766 quas
1793 692 1838 766 3)
1876 694 2028 765 ipsae
2067 691 2245 746 adhuc

164 788 454 843 cathedrae
509 790 895 861 Apostolorum
953 791 1066 843 suis
1106 788 1240 842 locis
1260 788 1303 860 4)
1342 787 1688 860 praesident:
1728 787 1875 858 apud
1915 806 2050 859 quas
2089 787 2242 859 ipsae

162 881 502 935 authenticae
540 881 751 936 litterae
798 900 980 936 eorum
1033 883 1343 950 recitantur,
1386 888 1639 934 sonantes
1695 899 1885 935 vocem
1926 888 1980 933 et
2026 898 2243 951 reprae-

160 981 434 1029 sentantes
462 974 654 1028 faciem
681 976 1122 1046 uniuscuiusque.
1196 973 1456 1027 Proxima
1495 981 1577 1026 est
1627 973 1729 1027 tibi
1767 972 2019 1026 Achaia?
2070 973 2242 1027 habes

161 1066 495 1123 Corinthum.
572 1067 632 1122 Si
668 1087 778 1122 non
815 1068 976 1139 longe
1005 1087 1063 1121 es
1102 1087 1135 1120 a
1159 1067 1497 1136 Macedonia,
1538 1067 1709 1121 habes
1737 1067 2038 1139 Philippos,
2073 1067 2242 1121 habes

159 1161 695 1217 Thessalonicenses.
772 1163 832 1216 Si
887 1171 1040 1234 potes
1098 1163 1153 1215 in
1190 1161 1382 1215 Asiam
1433 1161 1684 1230 tendere,
1724 1160 1894 1214 habes
1946 1161 2241 1232 Ephesum.

159 1253 219 1309 Si
273 1263 453 1310 autem
509 1256 700 1310 Italiae
762 1257 1009 1325 adiaceS,
1068 1255 1238 1309 habes
1294 1255 1553 1324 Romam,
1617 1255 1760 1308 unde
1818 1254 1974 1308 nobis
2027 1272 2242 1326 quoque

158 1351 447 1404 auctoritas
485 1358 701 1422 praesto
742 1358 873 1421 est.„
955 1349 1166 1417 Quibus
1194 1348 1611 1421 provincialium
1651 1350 1890 1420 capitum
1928 1367 2037 1401 non
2063 1349 2242 1402 minus

157 1445 421 1516 originem
469 1463 631 1517 quam
684 1446 1057 1498 exsistentiam
1098 1445 1372 1498 docemur.
1451 1443 1572 1510 Quo
1625 1445 1788 1497 etiam
1841 1445 2078 1514 pertinet
2116 1462 2241 1515 apo-

157 1538 377 1593 stolicus
400 1538 445 1613 5)
486 1557 659 1593 canon
700 1546 975 1593 statuens:
1019 1539 1356 1611 „Episcopos
1394 1538 1825 1610 uniuscuiusque
1876 1538 2054 1609 gentis
2081 1555 2241 1591 nosse

155 1640 367 1705 oportet
405 1652 558 1704 eum,
613 1635 706 1707 qui
742 1635 798 1689 in
837 1635 914 1689 eis
955 1644 1039 1690 est
1074 1637 1281 1707 primus
1321 1643 1375 1688 et
1407 1634 1725 1688 ‘existimare
1766 1652 1891 1687 eum
1928 1639 1988 1687 ut
2025 1640 2237 1704 caput.„

151 1994 293 2046 unius,
325 1998 374 2036 ut
403 1995 538 2048 aiunt,
579 1995 635 2036 ab
665 1993 878 2048 Apostolo
920 1993 1133 2036 ecclesiae
1173 1993 1469 2048 perhibentur,
1511 2006 1600 2034 11011
1647 1993 1756 2035 citra
1801 1993 2073 2048 singularum
2102 2004 2238 2047 prope

153 2066 336 2109 istarum
365 2069 692 2122 provinciarum
732 2066 1007 2121 metropoles,
1049 2066 1106 2107 ad
1148 2079 1256 2120 quas
1296 2079 1398 2107 suas
1440 2067 1573 2107 etiam
1615 2079 1765 2107 omnes
1807 2065 1898 2107 fere
1927 2066 2044 2107 idem
2075 2066 2240 2107 Paulus

155 2140 362 2194 epistolas
393 2141 543 2185 dedit:
576 2154 688 2196 quae
719 2141 864 2194 reipsa
881 2143 947 2181 est
963 2139 1018 2180 ad
1034 2139 1093 2183 11.
1114 2138 1214 2184 Cor.
1243 2138 1281 2184 I.
1300 2137 1339 2182 1.
1357 2139 1579 2180 Ambrosii
1594 2143 1637 2180 et
1656 2138 1959 2193 Chrysostomi
1991 2139 2239 2194 explicatio.

338 2225 365 2281 ¹)
396 2226 524 2268 Illam
554 2227 751 2281 profecto
783 2226 1088 2268 excellentiam
1120 2225 1355 2280 ephesinae
1387 2225 1600 2267 ecclesiae
1632 2225 1792 2267 diserte
1835 2239 1862 2267 a
1893 2226 2066 2267 Joanne
2103 2226 2242 2267 asseri

155 2300 283 2355 epist.
313 2299 371 2340 Π.
404 2297 443 2344 1.
467 2299 722 2342 diffitebitur
740 2313 883 2353 nemo,
908 2299 983 2354 qui
1004 2299 1297 2354 appellatione
1319 2299 1401 2354 τῆς·
1423 2298 1623 2353 ἐκλεκτῆς·
1644 2297 1815 2356 κυρίας,
1842 2299 2006 2341 electae
2024 2299 2240 2351 dominae,

153 2373 303 2414 venire
318 2371 543 2426 Ephesum
560 2372 850 2423 existimaret3
888 2384 970 2412 nec
992 2371 1122 2425 plane
1147 2371 1359 2422 detrahet,
1383 2371 1420 2412 si
1438 2372 1533 2425 quis
1550 2372 1597 2411 in
1612 2370 1656 2411 J.
1676 2371 1725 2415 P.
1745 2370 1918 2412 Secchii
1950 2370 1993 2412 S.
2011 2371 2054 2415 J.
2071 2371 2155 2412 viri
2185 2370 2242 2411 ad

155 2450 378 2500 stuporem
425 2445 583 2486 eruditi
629 2445 887 2486 concederet
932 2446 1192 2486 sententiam
1239 2445 1452 2499 singulari
1498 2446 1742 2499 expositam
1786 2446 2106 2497 dissertatione,
2154 2457 2241 2498 qua

153 2531 243 2560 non
288 2518 420 2560 aliam
466 2518 594 2577 titulo
635 2517 710 2558 illo
755 2517 842 2558 nisi
873 2517 1103 2558 ecclesiam
1135 2518 1380 2559 Romanam
1414 2517 1627 2572 distingui
1659 2519 1896 2560 arbitratus
1929 2522 2008 2562 est.
2065 2517 2152 2558 Sed
2183 2517 2239 2558 ad

153 2604 246 2633 rem
286 2591 395 2632 haec
436 2595 538 2632 sunt
578 2591 837 2643 Hieronymi
877 2590 930 2631 de
972 2591 1138 2644 scriptt.
1185 2590 1341 2634 eccles.
1385 2604 1421 2634 c.
1464 2589 1504 2634 9.
1558 2590 1679 2643 „Sub
1720 2590 1870 2632 Nerva
1899 2592 2096 2645 principe
2127 2591 2240 2632 redit

155 2662 384 2718 (Joannes)
404 2663 641 2717 Ephesum,
657 2663 805 2716 ibique
830 2676 969 2717 usque
990 2663 1046 2704 ad
1067 2663 1307 2717 Traianum
1323 2664 1565 2718 principem
1582 2678 1869 2718 perseverans
1885 2664 2016 2706 Asiae
2039 2664 2239 2705 fundavit

154 2737 271 2778 totas
302 2736 501 2790 rexitque
532 2735 783 2790 ecclesias„

271 2861 277 2873 .
335 2822 368 2878 ²)
398 2823 497 2869 Lib.
529 2824 583 2866 de
613 2825 886 2879 praescriptt.
919 2838 958 2870 c.
989 2823 1061 2872 36.

333 2908 369 2965 ⁸)
399 2909 482 2952 Est
511 2911 642 2953 etiam
658 2912 890 2966 Rigaltius‚
914 2913 989 2967 qui
1009 2912 1066 2954 ad
1087 2913 1132 2958 h.
1155 2913 1183 2957 l.
1207 2916 1522 2955 commentatus
1548 2916 1614 2955 est
1634 2910 1907 2966 „Oathedras
1928 2912 2237 2967 Apostolorum

159 2978 245 3023 dici
292 2982 555 3036 principales
605 2984 827 3035 ecclesias,
877 2985 932 3025 ab
962 2985 1069 3039 ipsis
1099 2985 1305 3027 videlicet
1347 2985 1570 3039 Apostolis
1602 2987 1875 3038 constitutas,
1928 2998 2041 3039 quae
2092 2984 2237 3025 adhuc

159 3057 301 3094 aetate
351 3053 610 3096 Tertulliani
654 3055 744 3096 suis
774 3055 883 3097 locis
927 3056 1235 3110 praesidebant
1277 3060 1488 3110 tanquam
1533 3057 1718 3098 aliarum
1749 3057 1966 3108 matrices,
2019 3057 2160 3111 qualis
2190 3057 2238 3096 in

159 3124 328 3166 Achaia
346 3125 602 3180 Corinthus3
633 3129 680 3169 in
699 3129 960 3171 Macedonia
975 3130 1180 3184 Philippi,
1212 3129 1548 3181 Thessalonica3
1580 3131 1627 3170 in
1650 3130 1757 3171 Asia
1772 3129 2000 3185 Ephesus3
2031 3131 2077 3170 in
2107 3130 2237 3171 Italia

160 3198 314 3243 Roma.
363 3199 588 3250 Quaenam
630 3215 758 3256 porro
797 3203 959 3244 fuerint
998 3204 1239 3244 universim
1279 3204 1485 3257 antiquae
1531 3203 1807 3257 metropoles,
1849 3206 2024 3244 enarrat
2051 3202 2234 3245 Hieron.

159 3283 187 3311 a
215 3271 367 3315 Benet.
397 3272 538 3326 privil.
570 3286 603 3316 s.
633 3274 727 3318 Pet.
751 3277 781 3318 t.
812 3274 890 3319 IV.
920 3289 964 3328 P.
994 3275 1017 3315 Ι
1022 3275 1054 3318 1.
1085 3277 1124 3326 ἓ.
1155 3275 1255 3318 VII.
1286 3288 1359 3329 pp.
1391 3273 1431 3316 6.
1464 3287 1559 3328 sqq.
1593 3274 1681 3315 Sed
1711 3278 1754 3316 et
1783 3274 1893 3315 illud
1923 3273 2232 3327 animadverte,

160 3342 276 3395 quod
304 3342 603 3392 μετονυμικῶς
631 3344 752 3399 ipsae
783 3345 1015 3387 cathedrae
1047 3345 1250 3387 dicuntur
1278 3346 1540 3400 praesidere.

334 3428 369 3484 ⁴)
399 3429 481 3471 His
512 3430 730 3472 simillima
759 3435 860 3472 sunt
886 3445 999 3485 quae
1029 3432 1179 3473 scribit
1209 3445 1243 3475 s.
1267 3431 1328 3475 M.
1359 3432 1558 3485 Ignatius
1579 3432 1636 3474 ad
1656 3433 1901 3475 Romanos:
1935 3434 2087 3486 „Quae
2107 3446 2231 3488 prae-

159 3503 272 3545 sidet
319 3504 366 3544 111
415 3503 513 3545 1060
562 3504 784 3546 Romanae
830 3506 1047 3559 regionis„
1081 3499 1182 3558 ἥτις
1211 3503 1516 3562 προκάθηται
1549 3506 1593 3547 ἐν
1622 3504 1752 3561 τόπῳ
1783 3505 1956 3564 χοιρίον
1986 3503 2231 3556 Ῥωμαίων.

157 3575 293 3629 Atqui
321 3575 568 3629 praesidere
601 3589 697 3616 eam
727 3575 832 3616 dicit
860 3576 1127 3635 simpliciter,
1146 3576 1314 3617 infinite
1337 3581 1380 3617 et
1399 3579 1617 3630 universe,
1642 3580 1735 3619 iure
1772 3593 1874 3633 ergo
1897 3580 2119 3621 censueris
2142 3593 2169 3621 a
2188 3580 2230 3624 b.

156 3632 328 3702 Ignatio
357 3660 562 3689 romanae
594 3647 708 3711 sedis
738 3648 972 3701 primatum
1001 3648 1047 3688 in
1076 3649 1326 3689 universam
1357 3648 1587 3690 ecclesiam
1617 3650 1908 3703 significatam
1939 3664 2048 3695 esse.

333 3732 367 3790 ⁵)
398 3734 481 3789 Ap.
511 3735 725 3788 Bevereg.
768 3747 864 3777 can.
913 3747 971 3778 ss.
1019 3738 1158 3788 apost.
1198 3748 1241 3789 p.
1285 3732 1356 3779 22.
1397 3749 1493 3780 can.
1535 3736 1742 3781 XXXIV.
1796 3733 1914 3780 Τούς
1955 3734 2232 3783 ἐπισκόπους

159 3805 352 3850 ἑκάστου
395 3809 559 3851 ἔθνους·
599 3804 767 3848 εἰδέναι
807 3803 896 3863 χρῆ
944 3802 1027 3848 τὸν
1067 3807 1110 3847 ἐν
1167 3803 1329 3850 αὐτοῖς·
1375 3806 1559 3864 πρῶτον
1611 3808 1687 3849 καὶ
1731 3804 1944 3863 ἡγεῖσθαι
1989 3805 2132 3851 αὐτὸν
2176 3806 2231 3854 ὦς

157 3878 364 3936 κεφαλήν,
411 3882 523 3924 Vide
568 3882 713 3924 varias
761 3881 972 3923 lectiones
1019 3881 1148 3922 huius
1195 3882 1373 3923 canonis
1421 3895 1492 3937 ap.
1543 3895 1625 3924 em.
1672 3882 1793 3924 Pitra
1835 3882 1920 3927 iur.
1954 3896 2048 3925 can.
2082 3897 2227 3940 graec.

156 3954 190 4000 t.
219 3952 257 3999 I.
287 3966 330 4009 p.
362 3951 434 3999 20.

2332 591 2535 626 Tertullian.

2304 1453 2434 1488 Canon.
2446 1456 2555 1495 apost.

2322 2596 2524 2640 Hieronym.

2349 2925 2481 2968 myazt.

2306 3442 2422 3487 Iynat.
2454 3445 2502 3477 M.
