<?xml version="1.0" encoding="UTF-8"?>
<!DOCTYPE html PUBLIC "-//W3C//DTD XHTML 1.0 Transitional//EN"
    "http://www.w3.org/TR/xhtml1/DTD/xhtml1-transitional.dtd">
<html xmlns="http://www.w3.org/1999/xhtml" xml:lang="en" lang="en">
 <head>
  <title>
</title>
<meta http-equiv="Content-Type" content="text/html;charset=utf-8" />
  <meta name='ocr-system' content='tesseract 3.04.00' />
  <meta name='ocr-capabilities' content='ocr_page ocr_carea ocr_par ocr_line ocrx_word'/>
</head>
<body>
  <div class='ocr_page' id='page_1' title='image "a607958700schruoft_0052.png"; bbox 0 0 2626 4432; ppageno 0'>
   <div class='ocr_carea' id='block_1_1' title="bbox 1247 186 1607 243">
    <p class='ocr_par' dir='ltr' id='par_1_1' title="bbox 1247 186 1607 243">
     <span class='ocr_line' id='line_1_1' title="bbox 1247 186 1607 243; baseline 0 -15"><span class='ocrx_word' id='word_1_1' title='bbox 1247 186 1607 243; x_wconf 51' lang='lat'>„34—</span> 
     </span>
    </p>
   </div>
   <div class='ocr_carea' id='block_1_2' title="bbox 43 340 2548 2379">
    <p class='ocr_par' dir='ltr' id='par_1_2' title="bbox 43 340 2548 1816">
     <span class='ocr_line' id='line_1_2' title="bbox 43 340 2471 426; baseline -0.002 -21"><span class='ocrx_word' id='word_1_2' title='bbox 43 371 270 417; x_wconf 75' lang='lat' dir='ltr'>Greyorius</span> <span class='ocrx_word' id='word_1_3' title='bbox 292 380 382 407; x_wconf 81' lang='lat' dir='ltr'>naz.</span> <span class='ocrx_word' id='word_1_4' title='bbox 403 358 585 426; x_wconf 85' lang='lat' dir='ltr'>gorius</span> <span class='ocrx_word' id='word_1_5' title='bbox 641 355 997 406; x_wconf 81' lang='lat' dir='ltr'>nazianzenus</span> <span class='ocrx_word' id='word_1_6' title='bbox 1047 350 1116 401; x_wconf 89' lang='lat' dir='ltr'>ad</span> <span class='ocrx_word' id='word_1_7' title='bbox 1167 365 1276 399; x_wconf 90' lang='lat' dir='ltr'>rem</span> <span class='ocrx_word' id='word_1_8' title='bbox 1332 346 1555 413; x_wconf 79' lang='lat' dir='ltr'>egregie</span> <span class='ocrx_word' id='word_1_9' title='bbox 1607 345 1766 412; x_wconf 57' lang='lat' dir='ltr'>plane</span> <span class='ocrx_word' id='word_1_10' title='bbox 1800 340 1818 372; x_wconf 82' lang='lat'><strong>¹</strong></span> <span class='ocrx_word' id='word_1_11' title='bbox 1868 342 2137 394; x_wconf 75' lang='lat' dir='ltr'>disseruit·</span> <span class='ocrx_word' id='word_1_12' title='bbox 2215 341 2284 394; x_wconf 79' lang='lat' dir='ltr'>Et</span> <span class='ocrx_word' id='word_1_13' title='bbox 2321 349 2471 411; x_wconf 78' lang='lat' dir='ltr'>post-</span> 
     </span>
     <span class='ocr_line' id='line_1_3' title="bbox 402 434 2470 517; baseline -0.006 -16"><span class='ocrx_word' id='word_1_14' title='bbox 402 465 554 517; x_wconf 88' lang='lat' dir='ltr'>quam</span> <span class='ocrx_word' id='word_1_15' title='bbox 592 447 660 499; x_wconf 92' lang='lat' dir='ltr'>ad</span> <span class='ocrx_word' id='word_1_16' title='bbox 700 447 847 498; x_wconf 91' lang='lat' dir='ltr'>cives</span> <span class='ocrx_word' id='word_1_17' title='bbox 902 444 1087 495; x_wconf 88' lang='lat' dir='ltr'>timore</span> <span class='ocrx_word' id='word_1_18' title='bbox 1133 440 1412 509; x_wconf 91' lang='lat' dir='ltr'>perculsos</span> <span class='ocrx_word' id='word_1_19' title='bbox 1465 438 1690 506; x_wconf 87' lang='lat' dir='ltr'>„partim</span> <span class='ocrx_word' id='word_1_20' title='bbox 1739 434 1989 488; x_wconf 89' lang='lat' dir='ltr'>monendi</span> <span class='ocrx_word' id='word_1_21' title='bbox 2032 435 2224 502; x_wconf 85' lang='lat' dir='ltr'>partim</span> <span class='ocrx_word' id='word_1_22' title='bbox 2273 449 2470 488; x_wconf 91' lang='lat' dir='ltr'>conso-</span> 
     </span>
     <span class='ocr_line' id='line_1_4' title="bbox 400 528 2470 608; baseline -0.006 -14"><span class='ocrx_word' id='word_1_23' title='bbox 400 543 542 594; x_wconf 85' lang='lat' dir='ltr'>landi</span> <span class='ocrx_word' id='word_1_24' title='bbox 579 540 754 608; x_wconf 84' lang='lat' dir='ltr'>gratia</span> <span class='ocrx_word' id='word_1_25' title='bbox 803 543 1066 603; x_wconf 87' lang='lat' dir='ltr'>tamquam</span> <span class='ocrx_word' id='word_1_26' title='bbox 1107 540 1291 602; x_wconf 88' lang='lat' dir='ltr'>pastor</span> <span class='ocrx_word' id='word_1_27' title='bbox 1339 530 1526 599; x_wconf 88' lang='lat' dir='ltr'>gregis</span> <span class='ocrx_word' id='word_1_28' title='bbox 1565 529 1727 596; x_wconf 82' lang='lat' dir='ltr'><strong>dixit,</strong></span> <span class='ocrx_word' id='word_1_29' title='bbox 1779 528 1848 581; x_wconf 87' lang='lat' dir='ltr'>ad</span> <span class='ocrx_word' id='word_1_30' title='bbox 1898 528 2172 596; x_wconf 87' lang='lat' dir='ltr'>principes</span> <span class='ocrx_word' id='word_1_31' title='bbox 2218 534 2273 580; x_wconf 90' lang='lat' dir='ltr'>et</span> <span class='ocrx_word' id='word_1_32' title='bbox 2311 546 2470 597; x_wconf 87' lang='lat' dir='ltr'>prae-</span> 
     </span>
     <span class='ocr_line' id='line_1_5' title="bbox 399 623 2473 699; baseline -0.005 -14"><span class='ocrx_word' id='word_1_33' title='bbox 399 636 600 699; x_wconf 78' lang='lat' dir='ltr'>fectoS„</span> <span class='ocrx_word' id='word_1_34' title='bbox 640 643 931 683; x_wconf 87' lang='lat' dir='ltr'>conversus</span> <span class='ocrx_word' id='word_1_35' title='bbox 982 627 1182 694; x_wconf 84' lang='lat' dir='ltr'>pergit:</span> <span class='ocrx_word' id='word_1_36' title='bbox 1236 623 1360 692; x_wconf 92' lang='lat' dir='ltr'>„Ad</span> <span class='ocrx_word' id='word_1_37' title='bbox 1400 638 1500 675; x_wconf 90' lang='lat' dir='ltr'>vos</span> <span class='ocrx_word' id='word_1_38' title='bbox 1540 623 1677 674; x_wconf 89' lang='lat' dir='ltr'>enim</span> <span class='ocrx_word' id='word_1_39' title='bbox 1730 624 1831 675; x_wconf 87' lang='lat' dir='ltr'>iam</span> <span class='ocrx_word' id='word_1_40' title='bbox 1871 628 2057 674; x_wconf 89' lang='lat' dir='ltr'>nostra</span> <span class='ocrx_word' id='word_1_41' title='bbox 2110 637 2169 674; x_wconf 89' lang='lat' dir='ltr'>se</span> <span class='ocrx_word' id='word_1_42' title='bbox 2206 623 2473 676; x_wconf 89' lang='lat' dir='ltr'>convertit</span> 
     </span>
     <span class='ocr_line' id='line_1_6' title="bbox 398 715 2472 791; baseline -0.004 -14"><span class='ocrx_word' id='word_1_43' title='bbox 398 725 595 778; x_wconf 85' lang='lat' dir='ltr'>oratio:</span> <span class='ocrx_word' id='word_1_44' title='bbox 633 740 699 775; x_wconf 87' lang='lat' dir='ltr'>ne</span> <span class='ocrx_word' id='word_1_45' title='bbox 742 721 939 788; x_wconf 81' lang='lat' dir='ltr'>alioqui</span> <span class='ocrx_word' id='word_1_46' title='bbox 974 720 1149 791; x_wconf 89' lang='lat' dir='ltr'>inique</span> <span class='ocrx_word' id='word_1_47' title='bbox 1189 718 1400 770; x_wconf 91' lang='lat' dir='ltr'>omnino</span> <span class='ocrx_word' id='word_1_48' title='bbox 1440 717 1624 769; x_wconf 85' lang='lat' dir='ltr'>facere</span> <span class='ocrx_word' id='word_1_49' title='bbox 1663 716 1971 781; x_wconf 85' lang='lat' dir='ltr'>videamur,</span> <span class='ocrx_word' id='word_1_50' title='bbox 2016 722 2177 783; x_wconf 90' lang='lat' dir='ltr'>atque</span> <span class='ocrx_word' id='word_1_51' title='bbox 2229 715 2313 768; x_wconf 92' lang='lat' dir='ltr'>his</span> <span class='ocrx_word' id='word_1_52' title='bbox 2352 717 2472 784; x_wconf 91' lang='lat' dir='ltr'>qui-</span> 
     </span>
     <span class='ocr_line' id='line_1_7' title="bbox 399 808 2474 884; baseline -0.004 -13"><span class='ocrx_word' id='word_1_53' title='bbox 399 819 516 871; x_wconf 89' lang='lat' dir='ltr'>dem</span> <span class='ocrx_word' id='word_1_54' title='bbox 566 833 702 884; x_wconf 89' lang='lat' dir='ltr'>quae</span> <span class='ocrx_word' id='word_1_55' title='bbox 753 815 804 866; x_wconf 89' lang='lat' dir='ltr'>in</span> <span class='ocrx_word' id='word_1_56' title='bbox 858 830 967 865; x_wconf 89' lang='lat' dir='ltr'>rem</span> <span class='ocrx_word' id='word_1_57' title='bbox 1018 813 1193 864; x_wconf 86' lang='lat' dir='ltr'>sut-ura</span> <span class='ocrx_word' id='word_1_58' title='bbox 1239 817 1361 862; x_wconf 89' lang='lat' dir='ltr'>sunt</span> <span class='ocrx_word' id='word_1_59' title='bbox 1398 809 1660 877; x_wconf 84' lang='lat' dir='ltr'>suadere,</span> <span class='ocrx_word' id='word_1_60' title='bbox 1714 812 1931 862; x_wconf 86' lang='lat' dir='ltr'>vestrae</span> <span class='ocrx_word' id='word_1_61' title='bbox 1991 815 2168 862; x_wconf 87' lang='lat' dir='ltr'>autem</span> <span class='ocrx_word' id='word_1_62' title='bbox 2226 808 2474 876; x_wconf 79' lang='lat' dir='ltr'>dignitati</span> 
     </span>
     <span class='ocr_line' id='line_1_8' title="bbox 399 902 2472 981; baseline -0.003 -19"><span class='ocrx_word' id='word_1_63' title='bbox 399 910 773 980; x_wconf 82' lang='lat' dir='ltr'>potentiaeque</span> <span class='ocrx_word' id='word_1_64' title='bbox 813 906 1005 959; x_wconf 81' lang='lat' dir='ltr'>cedere</span> <span class='ocrx_word' id='word_1_65' title='bbox 1045 902 1225 972; x_wconf 81' lang='lat' dir='ltr'>[quasi</span> <span class='ocrx_word' id='word_1_66' title='bbox 1262 903 1351 954; x_wconf 83' lang='lat' dir='ltr'>vel</span> <span class='ocrx_word' id='word_1_67' title='bbox 1389 903 1598 970; x_wconf 89' lang='lat' dir='ltr'>pudore</span> <span class='ocrx_word' id='word_1_68' title='bbox 1643 903 1731 956; x_wconf 94' lang='lat' dir='ltr'>vel</span> <span class='ocrx_word' id='word_1_69' title='bbox 1774 909 1940 981; x_wconf 77' lang='lat' dir='ltr'>metu,</span> <span class='ocrx_word' id='word_1_70' title='bbox 1991 903 2335 956; x_wconf 80' lang='lat' dir='ltr'>christianam</span> <span class='ocrx_word' id='word_1_71' title='bbox 2373 918 2472 956; x_wconf 91' lang='lat' dir='ltr'>no-</span> 
     </span>
     <span class='ocr_line' id='line_1_9' title="bbox 399 993 2473 1064; baseline -0.002 -9"><span class='ocrx_word' id='word_1_72' title='bbox 399 1011 559 1055; x_wconf 87' lang='lat' dir='ltr'>stram</span> <span class='ocrx_word' id='word_1_73' title='bbox 587 1003 883 1054; x_wconf 88' lang='lat' dir='ltr'>libertatem</span> <span class='ocrx_word' id='word_1_74' title='bbox 913 993 1278 1064; x_wconf 85' lang='lat' dir='ltr'>demittentes)</span> <span class='ocrx_word' id='word_1_75' title='bbox 1319 1002 1410 1048; x_wconf 86' lang='lat' dir='ltr'>aut</span> <span class='ocrx_word' id='word_1_76' title='bbox 1448 996 1678 1048; x_wconf 52' lang='lat' dir='ltr'>illorum&gt;</span> <span class='ocrx_word' id='word_1_77' title='bbox 1698 996 1910 1064; x_wconf 89' lang='lat' dir='ltr'>quidem</span> <span class='ocrx_word' id='word_1_78' title='bbox 1938 996 2234 1050; x_wconf 90' lang='lat' dir='ltr'>commodis</span> <span class='ocrx_word' id='word_1_79' title='bbox 2273 1013 2473 1056; x_wconf 87' lang='lat' dir='ltr'>consu-</span> 
     </span>
     <span class='ocr_line' id='line_1_10' title="bbox 397 1089 2474 1162; baseline -0.003 -14"><span class='ocrx_word' id='word_1_80' title='bbox 397 1098 536 1162; x_wconf 88' lang='lat' dir='ltr'>lere,</span> <span class='ocrx_word' id='word_1_81' title='bbox 573 1110 671 1148; x_wconf 91' lang='lat' dir='ltr'>vos</span> <span class='ocrx_word' id='word_1_82' title='bbox 711 1100 885 1147; x_wconf 85' lang='lat' dir='ltr'>autem</span> <span class='ocrx_word' id='word_1_83' title='bbox 923 1092 1227 1160; x_wconf 81' lang='lat' dir='ltr'>negligere,</span> <span class='ocrx_word' id='word_1_84' title='bbox 1269 1105 1492 1158; x_wconf 91' lang='lat' dir='ltr'>quorum</span> <span class='ocrx_word' id='word_1_85' title='bbox 1531 1105 1713 1143; x_wconf 89' lang='lat' dir='ltr'>curam</span> <span class='ocrx_word' id='word_1_86' title='bbox 1753 1104 1818 1142; x_wconf 90' lang='lat' dir='ltr'>eo</span> <span class='ocrx_word' id='word_1_87' title='bbox 1845 1089 2099 1143; x_wconf 86' lang='lat' dir='ltr'>maiorem</span> <span class='ocrx_word' id='word_1_88' title='bbox 2137 1107 2334 1159; x_wconf 87' lang='lat' dir='ltr'>gerere</span> <span class='ocrx_word' id='word_1_89' title='bbox 2372 1108 2474 1158; x_wconf 87' lang='lat' dir='ltr'>par</span> 
     </span>
     <span class='ocr_line' id='line_1_11' title="bbox 396 1173 2474 1256; baseline -0.002 -15"><span class='ocrx_word' id='word_1_90' title='bbox 396 1197 502 1256; x_wconf 87' lang='lat' dir='ltr'>est,</span> <span class='ocrx_word' id='word_1_91' title='bbox 540 1187 681 1255; x_wconf 91' lang='lat' dir='ltr'>quod</span> <span class='ocrx_word' id='word_1_92' title='bbox 718 1203 783 1239; x_wconf 85' lang='lat' dir='ltr'>ea</span> <span class='ocrx_word' id='word_1_93' title='bbox 825 1201 913 1237; x_wconf 89' lang='lat' dir='ltr'>res</span> <span class='ocrx_word' id='word_1_94' title='bbox 949 1185 1069 1253; x_wconf 86' lang='lat' dir='ltr'>plus</span> <span class='ocrx_word' id='word_1_95' title='bbox 1106 1185 1157 1236; x_wconf 94' lang='lat' dir='ltr'>in</span> <span class='ocrx_word' id='word_1_96' title='bbox 1198 1173 1476 1252; x_wconf 85' lang='lat' dir='ltr'>utramque</span> <span class='ocrx_word' id='word_1_97' title='bbox 1503 1189 1711 1252; x_wconf 88' lang='lat' dir='ltr'>partem</span> <span class='ocrx_word' id='word_1_98' title='bbox 1737 1183 1989 1236; x_wconf 78' lang='lat' dir='ltr'>momenti</span> <span class='ocrx_word' id='word_1_99' title='bbox 2013 1184 2238 1252; x_wconf 84' lang='lat' dir='ltr'>habeat,</span> <span class='ocrx_word' id='word_1_100' title='bbox 2277 1184 2474 1236; x_wconf 90' lang='lat' dir='ltr'>maior-</span> 
     </span>
     <span class='ocr_line' id='line_1_12' title="bbox 397 1276 2504 1349; baseline -0.001 -15"><span class='ocrx_word' id='word_1_101' title='bbox 397 1299 500 1349; x_wconf 92' lang='lat' dir='ltr'>que</span> <span class='ocrx_word' id='word_1_102' title='bbox 538 1280 661 1333; x_wconf 88' lang='lat' dir='ltr'>inde</span> <span class='ocrx_word' id='word_1_103' title='bbox 699 1281 898 1333; x_wconf 84' lang='lat' dir='ltr'>utilitas</span> <span class='ocrx_word' id='word_1_104' title='bbox 926 1284 1228 1347; x_wconf 86' lang='lat' dir='ltr'>promanet,</span> <span class='ocrx_word' id='word_1_105' title='bbox 1268 1278 1314 1330; x_wconf 88' lang='lat' dir='ltr'>si</span> <span class='ocrx_word' id='word_1_106' title='bbox 1337 1277 1619 1346; x_wconf 77' lang='lat' dir='ltr'>negocium</span> <span class='ocrx_word' id='word_1_107' title='bbox 1647 1292 1914 1346; x_wconf 87' lang='lat' dir='ltr'>prospere</span> <span class='ocrx_word' id='word_1_108' title='bbox 1941 1278 2276 1330; x_wconf 87' lang='lat' dir='ltr'>successerit.</span> <span class='ocrx_word' id='word_1_109' title='bbox 2329 1276 2504 1331; x_wconf 80' lang='lat' dir='ltr'>Gon-&#39;</span> 
     </span>
     <span class='ocr_line' id='line_1_13' title="bbox 396 1371 2475 1450; baseline -0.001 -23"><span class='ocrx_word' id='word_1_110' title='bbox 396 1375 613 1427; x_wconf 87' lang='lat' dir='ltr'>trarium</span> <span class='ocrx_word' id='word_1_111' title='bbox 651 1374 787 1425; x_wconf 91' lang='lat' dir='ltr'>enim</span> <span class='ocrx_word' id='word_1_112' title='bbox 826 1380 934 1425; x_wconf 90' lang='lat' dir='ltr'>tum</span> <span class='ocrx_word' id='word_1_113' title='bbox 974 1389 1005 1424; x_wconf 89' lang='lat' dir='ltr'>a</span> <span class='ocrx_word' id='word_1_114' title='bbox 1037 1372 1189 1424; x_wconf 91' lang='lat' dir='ltr'>nobis</span> <span class='ocrx_word' id='word_1_115' title='bbox 1228 1372 1369 1424; x_wconf 89' lang='lat' dir='ltr'>absit</span> <span class='ocrx_word' id='word_1_116' title='bbox 1403 1378 1512 1423; x_wconf 88' lang='lat' dir='ltr'>tum</span> <span class='ocrx_word' id='word_1_117' title='bbox 1551 1371 1619 1423; x_wconf 90' lang='lat' dir='ltr'>ab</span> <span class='ocrx_word' id='word_1_118' title='bbox 1659 1371 1902 1450; x_wconf 91' lang='lat' dir='ltr'>oratione</span> <span class='ocrx_word' id='word_1_119' title='bbox 1940 1378 2143 1424; x_wconf 85' lang='lat' dir='ltr'>nostra.</span> <span class='ocrx_word' id='word_1_120' title='bbox 2218 1371 2475 1439; x_wconf 77' lang='lat' dir='ltr'>Qu1d1g1-</span> 
     </span>
     <span class='ocr_line' id='line_1_14' title="bbox 397 1451 2475 1533; baseline -0.002 -13"><span class='ocrx_word' id='word_1_121' title='bbox 397 1475 482 1520; x_wconf 88' lang='lat' dir='ltr'>tur</span> <span class='ocrx_word' id='word_1_122' title='bbox 519 1467 736 1520; x_wconf 47' lang='lat' dir='ltr'>dicitis*³</span> <span class='ocrx_word' id='word_1_123' title='bbox 773 1473 861 1519; x_wconf 89' lang='lat' dir='ltr'>aut</span> <span class='ocrx_word' id='word_1_124' title='bbox 899 1465 1023 1533; x_wconf 90' lang='lat' dir='ltr'>quid</span> <span class='ocrx_word' id='word_1_125' title='bbox 1062 1465 1200 1517; x_wconf 89' lang='lat' dir='ltr'>inter</span> <span class='ocrx_word' id='word_1_126' title='bbox 1237 1480 1335 1517; x_wconf 91' lang='lat' dir='ltr'>nos</span> <span class='ocrx_word' id='word_1_127' title='bbox 1374 1464 1667 1518; x_wconf 64' lang='lat' dir='ltr'>convenit?</span> <span class='ocrx_word' id='word_1_128' title='bbox 1704 1460 1795 1515; x_wconf 92' lang='lat' dir='ltr'>An</span> <span class='ocrx_word' id='word_1_129' title='bbox 1831 1479 1916 1516; x_wconf 91' lang='lat' dir='ltr'>me</span> <span class='ocrx_word' id='word_1_130' title='bbox 1953 1464 2128 1523; x_wconf 88' lang='lat' dir='ltr'>libere</span> <span class='ocrx_word' id='word_1_131' title='bbox 2167 1451 2475 1532; x_wconf 87' lang='lat' dir='ltr'>loquentem</span> 
     </span>
     <span class='ocr_line' id='line_1_15' title="bbox 397 1556 2477 1628; baseline -0.002 -15"><span class='ocrx_word' id='word_1_132' title='bbox 397 1576 568 1628; x_wconf 89' lang='lat' dir='ltr'>aequo</span> <span class='ocrx_word' id='word_1_133' title='bbox 606 1560 779 1613; x_wconf 89' lang='lat' dir='ltr'>animo</span> <span class='ocrx_word' id='word_1_134' title='bbox 816 1558 1047 1612; x_wconf 68' lang='lat' dir='ltr'>feretis?</span> <span class='ocrx_word' id='word_1_135' title='bbox 1087 1558 1221 1611; x_wconf 89' lang='lat' dir='ltr'>Nam</span> <span class='ocrx_word' id='word_1_136' title='bbox 1260 1573 1360 1611; x_wconf 87' lang='lat' dir='ltr'>vos</span> <span class='ocrx_word' id='word_1_137' title='bbox 1400 1572 1612 1626; x_wconf 88' lang='lat' dir='ltr'>quoque</span> <span class='ocrx_word' id='word_1_138' title='bbox 1650 1556 1875 1626; x_wconf 89' lang='lat' dir='ltr'>imperio</span> <span class='ocrx_word' id='word_1_139' title='bbox 1914 1571 2035 1609; x_wconf 87' lang='lat' dir='ltr'>meo</span> <span class='ocrx_word' id='word_1_140' title='bbox 2063 1572 2128 1610; x_wconf 87' lang='lat' dir='ltr'>ac</span> <span class='ocrx_word' id='word_1_141' title='bbox 2167 1557 2361 1610; x_wconf 86' lang='lat' dir='ltr'>throno</span> <span class='ocrx_word' id='word_1_142' title='bbox 2386 1557 2477 1617; x_wconf 80' lang='lat' dir='ltr'>lex</span> 
     </span>
     <span class='ocr_line' id='line_1_16' title="bbox 398 1649 2548 1721; baseline -0.001 -14"><span class='ocrx_word' id='word_1_143' title='bbox 398 1654 595 1707; x_wconf 85' lang='lat' dir='ltr'>Christi</span> <span class='ocrx_word' id='word_1_144' title='bbox 631 1654 870 1707; x_wconf 86' lang='lat' dir='ltr'>subiecit.</span> <span class='ocrx_word' id='word_1_145' title='bbox 943 1652 1224 1721; x_wconf 90' lang='lat' dir='ltr'>Imperium</span> <span class='ocrx_word' id='word_1_146' title='bbox 1258 1652 1397 1703; x_wconf 91' lang='lat' dir='ltr'>enim</span> <span class='ocrx_word' id='word_1_147' title='bbox 1437 1666 1534 1703; x_wconf 92' lang='lat' dir='ltr'>nos</span> <span class='ocrx_word' id='word_1_148' title='bbox 1573 1667 1788 1719; x_wconf 90' lang='lat' dir='ltr'>quoque</span> <span class='ocrx_word' id='word_1_149' title='bbox 1825 1650 2094 1718; x_wconf 82' lang='lat' dir='ltr'>gerimus3</span> <span class='ocrx_word' id='word_1_150' title='bbox 2134 1649 2279 1703; x_wconf 86' lang='lat' dir='ltr'>addo</span> <span class='ocrx_word' id='word_1_151' title='bbox 2318 1651 2477 1704; x_wconf 86' lang='lat' dir='ltr'>etiam</span> <span class='ocrx_word' id='word_1_152' title='bbox 2542 1670 2548 1674; x_wconf 90' lang='lat'><strong>·</strong></span> 
     </span>
     <span class='ocr_line' id='line_1_17' title="bbox 398 1745 2478 1816; baseline 0 -18"><span class='ocrx_word' id='word_1_153' title='bbox 398 1747 754 1816; x_wconf 79' lang='lat' dir='ltr'>praestantius</span> <span class='ocrx_word' id='word_1_154' title='bbox 793 1762 858 1800; x_wconf 91' lang='lat' dir='ltr'>ac</span> <span class='ocrx_word' id='word_1_155' title='bbox 893 1745 1210 1815; x_wconf 90' lang='lat' dir='ltr'>perfectius:</span> <span class='ocrx_word' id='word_1_156' title='bbox 1252 1746 1352 1799; x_wconf 89' lang='lat' dir='ltr'>nisi</span> <span class='ocrx_word' id='word_1_157' title='bbox 1391 1760 1526 1798; x_wconf 93' lang='lat' dir='ltr'>vero</span> <span class='ocrx_word' id='word_1_158' title='bbox 1563 1762 1792 1814; x_wconf 90' lang='lat' dir='ltr'>aequum</span> <span class='ocrx_word' id='word_1_159' title='bbox 1830 1746 1899 1798; x_wconf 87' lang='lat' dir='ltr'>sit</span> <span class='ocrx_word' id='word_1_160' title='bbox 1938 1746 2182 1816; x_wconf 87' lang='lat' dir='ltr'>spiritum</span> <span class='ocrx_word' id='word_1_161' title='bbox 2220 1745 2384 1813; x_wconf 85' lang='lat' dir='ltr'>carni,</span> <span class='ocrx_word' id='word_1_162' title='bbox 2422 1751 2478 1799; x_wconf 86' lang='lat' dir='ltr'>et</span> 
     </span>
    </p>

    <p class='ocr_par' dir='ltr' id='par_1_3' title="bbox 317 1839 2480 2379">
     <span class='ocr_line' id='line_1_18' title="bbox 317 1839 2476 1917; baseline -0.001 -23"><span class='ocrx_word' id='word_1_163' title='bbox 317 1910 325 1917; x_wconf 35' lang='lat'><strong>·</strong></span> <span class='ocrx_word' id='word_1_164' title='bbox 402 1841 658 1912; x_wconf 78' lang='lat' dir='ltr'>coelestia</span> <span class='ocrx_word' id='word_1_165' title='bbox 715 1841 943 1893; x_wconf 90' lang='lat' dir='ltr'>terrenis</span> <span class='ocrx_word' id='word_1_166' title='bbox 996 1839 1205 1892; x_wconf 85' lang='lat' dir='ltr'>cedere.</span> <span class='ocrx_word' id='word_1_167' title='bbox 1292 1839 1444 1892; x_wconf 90' lang='lat' dir='ltr'>Hanc</span> <span class='ocrx_word' id='word_1_168' title='bbox 1498 1839 1712 1893; x_wconf 92' lang='lat' dir='ltr'>dicendi</span> <span class='ocrx_word' id='word_1_169' title='bbox 1763 1840 2064 1894; x_wconf 88' lang='lat' dir='ltr'>libertatem</span> <span class='ocrx_word' id='word_1_170' title='bbox 2117 1840 2171 1892; x_wconf 91' lang='lat' dir='ltr'>in</span> <span class='ocrx_word' id='word_1_171' title='bbox 2224 1840 2476 1909; x_wconf 85' lang='lat' dir='ltr'>optimam</span> 
     </span>
     <span class='ocr_line' id='line_1_19' title="bbox 398 1931 2480 2004; baseline 0 -18"><span class='ocrx_word' id='word_1_172' title='bbox 398 1941 606 2004; x_wconf 89' lang='lat' dir='ltr'>partem</span> <span class='ocrx_word' id='word_1_173' title='bbox 644 1934 901 2003; x_wconf 85' lang='lat' dir='ltr'>accipieS‚</span> <span class='ocrx_word' id='word_1_174' title='bbox 946 1939 1094 1986; x_wconf 91' lang='lat' dir='ltr'>certo</span> <span class='ocrx_word' id='word_1_175' title='bbox 1141 1932 1281 2000; x_wconf 91' lang='lat' dir='ltr'>scio,</span> <span class='ocrx_word' id='word_1_176' title='bbox 1330 1939 1517 2002; x_wconf 88' lang='lat' dir='ltr'>utpote</span> <span class='ocrx_word' id='word_1_177' title='bbox 1555 1949 1714 1988; x_wconf 89' lang='lat' dir='ltr'>sacra</span> <span class='ocrx_word' id='word_1_178' title='bbox 1762 1934 1903 1988; x_wconf 90' lang='lat' dir='ltr'>sacri</span> <span class='ocrx_word' id='word_1_179' title='bbox 1941 1934 2045 1987; x_wconf 89' lang='lat' dir='ltr'>mei</span> <span class='ocrx_word' id='word_1_180' title='bbox 2081 1934 2268 2003; x_wconf 88' lang='lat' dir='ltr'>gregis</span> <span class='ocrx_word' id='word_1_181' title='bbox 2307 1934 2426 1987; x_wconf 90' lang='lat' dir='ltr'>ovis</span> <span class='ocrx_word' id='word_1_182' title='bbox 2447 1931 2480 1966; x_wconf 74' lang='lat'>‘²</span> 
     </span>
     <span class='ocr_line' id='line_1_20' title="bbox 399 2026 2479 2097; baseline 0 -16"><span class='ocrx_word' id='word_1_183' title='bbox 399 2030 683 2097; x_wconf 90' lang='lat' dir='ltr'>magnique</span> <span class='ocrx_word' id='word_1_184' title='bbox 720 2028 955 2096; x_wconf 86' lang='lat' dir='ltr'>pastoris</span> <span class='ocrx_word' id='word_1_185' title='bbox 1002 2028 1237 2095; x_wconf 86' lang='lat' dir='ltr'>alumna,</span> <span class='ocrx_word' id='word_1_186' title='bbox 1287 2034 1544 2097; x_wconf 90' lang='lat' dir='ltr'>recteque</span> <span class='ocrx_word' id='word_1_187' title='bbox 1586 2029 1691 2081; x_wconf 87' lang='lat' dir='ltr'>iam</span> <span class='ocrx_word' id='word_1_188' title='bbox 1729 2029 1854 2082; x_wconf 89' lang='lat' dir='ltr'>olim</span> <span class='ocrx_word' id='word_1_189' title='bbox 1893 2045 1926 2081; x_wconf 86' lang='lat' dir='ltr'>a</span> <span class='ocrx_word' id='word_1_190' title='bbox 1965 2026 2172 2097; x_wconf 89' lang='lat' dir='ltr'>Spiritu</span> <span class='ocrx_word' id='word_1_191' title='bbox 2223 2026 2386 2081; x_wconf 90' lang='lat' dir='ltr'>ducta</span> <span class='ocrx_word' id='word_1_192' title='bbox 2423 2034 2479 2081; x_wconf 85' lang='lat' dir='ltr'>et</span> 
     </span>
     <span class='ocr_line' id='line_1_21' title="bbox 399 2121 2477 2191; baseline -0.001 -16"><span class='ocrx_word' id='word_1_193' title='bbox 399 2124 635 2177; x_wconf 85' lang='lat' dir='ltr'>instituta</span> <span class='ocrx_word' id='word_1_194' title='bbox 674 2130 998 2191; x_wconf 88' lang='lat' dir='ltr'>sanctaeque</span> <span class='ocrx_word' id='word_1_195' title='bbox 1036 2129 1090 2176; x_wconf 90' lang='lat' dir='ltr'>et</span> <span class='ocrx_word' id='word_1_196' title='bbox 1127 2124 1319 2177; x_wconf 89' lang='lat' dir='ltr'>beatae</span> <span class='ocrx_word' id='word_1_197' title='bbox 1357 2123 1631 2176; x_wconf 84' lang='lat' dir='ltr'>Trinitatis</span> <span class='ocrx_word' id='word_1_198' title='bbox 1681 2122 1876 2175; x_wconf 92' lang='lat' dir='ltr'>lumine</span> <span class='ocrx_word' id='word_1_199' title='bbox 1925 2137 2098 2189; x_wconf 89' lang='lat' dir='ltr'>aeque</span> <span class='ocrx_word' id='word_1_200' title='bbox 2136 2136 2202 2174; x_wconf 90' lang='lat' dir='ltr'>ac</span> <span class='ocrx_word' id='word_1_201' title='bbox 2232 2136 2333 2174; x_wconf 89' lang='lat' dir='ltr'>nos</span> <span class='ocrx_word' id='word_1_202' title='bbox 2371 2121 2477 2190; x_wconf 91' lang='lat' dir='ltr'>ipsi</span> 
     </span>
     <span class='ocr_line' id='line_1_22' title="bbox 400 2214 2480 2283; baseline -0.001 -13"><span class='ocrx_word' id='word_1_203' title='bbox 400 2218 723 2270; x_wconf 88' lang='lat' dir='ltr'>collustrata.</span> <span class='ocrx_word' id='word_1_204' title='bbox 799 2217 1029 2269; x_wconf 90' lang='lat' dir='ltr'>Proinde</span> <span class='ocrx_word' id='word_1_205' title='bbox 1078 2218 1259 2270; x_wconf 87' lang='lat' dir='ltr'>brevis</span> <span class='ocrx_word' id='word_1_206' title='bbox 1306 2217 1431 2270; x_wconf 89' lang='lat' dir='ltr'>mihi</span> <span class='ocrx_word' id='word_1_207' title='bbox 1480 2216 1549 2270; x_wconf 90' lang='lat' dir='ltr'>ad</span> <span class='ocrx_word' id='word_1_208' title='bbox 1587 2223 1641 2270; x_wconf 89' lang='lat' dir='ltr'>te</span> <span class='ocrx_word' id='word_1_209' title='bbox 1679 2217 1783 2269; x_wconf 89' lang='lat' dir='ltr'>erit</span> <span class='ocrx_word' id='word_1_210' title='bbox 1816 2215 2040 2283; x_wconf 76' lang='lat' dir='ltr'>oratio„</span> <span class='ocrx_word' id='word_1_211' title='bbox 2109 2214 2206 2267; x_wconf 92' lang='lat' dir='ltr'>His</span> <span class='ocrx_word' id='word_1_212' title='bbox 2245 2214 2480 2268; x_wconf 85' lang='lat' dir='ltr'>delineat</span> 
     </span>
     <span class='ocr_line' id='line_1_23' title="bbox 401 2308 2477 2379; baseline -0.001 -16"><span class='ocrx_word' id='word_1_213' title='bbox 401 2310 674 2363; x_wconf 90' lang='lat' dir='ltr'>christiani</span> <span class='ocrx_word' id='word_1_214' title='bbox 726 2310 981 2379; x_wconf 88' lang='lat' dir='ltr'>principis</span> <span class='ocrx_word' id='word_1_215' title='bbox 1030 2311 1281 2364; x_wconf 84' lang='lat' dir='ltr'>formam:</span> <span class='ocrx_word' id='word_1_216' title='bbox 1328 2318 1437 2364; x_wconf 86' lang='lat' dir='ltr'>tum</span> <span class='ocrx_word' id='word_1_217' title='bbox 1471 2309 1494 2343; x_wconf 77' lang='lat'>³</span> <span class='ocrx_word' id='word_1_218' title='bbox 1549 2310 1618 2364; x_wconf 88' lang='lat' dir='ltr'>ad</span> <span class='ocrx_word' id='word_1_219' title='bbox 1658 2311 1772 2364; x_wconf 90' lang='lat' dir='ltr'>eius</span> <span class='ocrx_word' id='word_1_220' title='bbox 1825 2308 2059 2364; x_wconf 84' lang='lat' dir='ltr'>officium</span> <span class='ocrx_word' id='word_1_221' title='bbox 2101 2309 2477 2378; x_wconf 85' lang='lat' dir='ltr'>progreditur:</span> 
     </span>
    </p>
   </div>
   <div class='ocr_carea' id='block_1_3' title="bbox 404 2606 2539 3058">
    <p class='ocr_par' dir='ltr' id='par_1_4' title="bbox 404 2606 2539 3034">
     <span class='ocr_line' id='line_1_24' title="bbox 523 2606 2484 2668; baseline 0 -17"><span class='ocrx_word' id='word_1_222' title='bbox 523 2608 537 2634; x_wconf 91' lang='lat'><strong>¹</strong></span> <span class='ocrx_word' id='word_1_223' title='bbox 574 2606 650 2651; x_wconf 88' lang='lat' dir='ltr'>Or.</span> <span class='ocrx_word' id='word_1_224' title='bbox 674 2606 813 2651; x_wconf 86' lang='lat' dir='ltr'>XVll.</span> <span class='ocrx_word' id='word_1_225' title='bbox 841 2622 881 2651; x_wconf 92' lang='lat' dir='ltr'>n.</span> <span class='ocrx_word' id='word_1_226' title='bbox 900 2609 940 2652; x_wconf 81' lang='lat'>8.</span> <span class='ocrx_word' id='word_1_227' title='bbox 967 2609 1033 2652; x_wconf 90' lang='lat' dir='ltr'>ed.</span> <span class='ocrx_word' id='word_1_228' title='bbox 1058 2609 1162 2652; x_wconf 84' lang='lat' dir='ltr'>Par.</span> <span class='ocrx_word' id='word_1_229' title='bbox 1191 2610 1317 2652; x_wconf 82' lang='lat'>1609.</span> <span class='ocrx_word' id='word_1_230' title='bbox 1350 2613 1383 2653; x_wconf 84' lang='lat' dir='ltr'>t.</span> <span class='ocrx_word' id='word_1_231' title='bbox 1401 2608 1430 2652; x_wconf 88' lang='lat' dir='ltr'>l.</span> <span class='ocrx_word' id='word_1_232' title='bbox 1456 2623 1499 2666; x_wconf 88' lang='lat' dir='ltr'>p.</span> <span class='ocrx_word' id='word_1_233' title='bbox 1517 2612 1617 2653; x_wconf 75' lang='lat'>271.</span> <span class='ocrx_word' id='word_1_234' title='bbox 1648 2611 1701 2654; x_wconf 86' lang='lat' dir='ltr'>A.</span> <span class='ocrx_word' id='word_1_235' title='bbox 1727 2636 1776 2642; x_wconf 90' lang='lat'>-—</span> <span class='ocrx_word' id='word_1_236' title='bbox 1805 2610 1853 2654; x_wconf 93' lang='lat' dir='ltr'>D.</span> <span class='ocrx_word' id='word_1_237' title='bbox 1913 2614 1966 2654; x_wconf 85' lang='grc' dir='ltr'>Τί</span> <span class='ocrx_word' id='word_1_238' title='bbox 1989 2609 2038 2653; x_wconf 83' lang='grc' dir='ltr'>δὲ</span> <span class='ocrx_word' id='word_1_239' title='bbox 2062 2607 2188 2668; x_wconf 76' lang='grc' dir='ltr'><em>ὑμεῖς</em></span> <span class='ocrx_word' id='word_1_240' title='bbox 2204 2610 2247 2654; x_wconf 87' lang='grc' dir='ltr'>οἱ</span> <span class='ocrx_word' id='word_1_241' title='bbox 2264 2606 2484 2653; x_wconf 80' lang='grc' dir='ltr'><strong><em>δυνάσται</em></strong></span> 
     </span>
     <span class='ocr_line' id='line_1_25' title="bbox 404 2676 2482 2743; baseline 0.002 -21"><span class='ocrx_word' id='word_1_242' title='bbox 404 2682 477 2723; x_wconf 85' lang='grc' dir='ltr'><em>καὶ</em></span> <span class='ocrx_word' id='word_1_243' title='bbox 509 2676 744 2740; x_wconf 77' lang='grc' dir='ltr'><em>ἅρχοντες;</em></span> <span class='ocrx_word' id='word_1_244' title='bbox 776 2677 889 2738; x_wconf 83' lang='grc' dir='ltr'><em>’Ήδη</em></span> <span class='ocrx_word' id='word_1_245' title='bbox 928 2681 1017 2742; x_wconf 82' lang='grc' dir='ltr'><em>γὰρ</em></span> <span class='ocrx_word' id='word_1_246' title='bbox 1064 2680 1181 2743; x_wconf 86' lang='grc' dir='ltr'><em>πρὸς</em></span> <span class='ocrx_word' id='word_1_247' title='bbox 1220 2680 1340 2739; x_wconf 70' lang='grc' dir='ltr'><em>’ὑμᾶς</em></span> <span class='ocrx_word' id='word_1_248' title='bbox 1384 2681 1407 2726; x_wconf 88' lang='grc' dir='ltr'>ὁ</span> <span class='ocrx_word' id='word_1_249' title='bbox 1440 2680 1574 2741; x_wconf 86' lang='grc' dir='ltr'><em>λόγος</em></span> <span class='ocrx_word' id='word_1_250' title='bbox 1614 2685 1835 2740; x_wconf 82' lang='grc' dir='ltr'><em>μέτεισιν,</em></span> <span class='ocrx_word' id='word_1_251' title='bbox 1883 2683 1952 2726; x_wconf 77' lang='grc' dir='ltr'>ἵνα</span> <span class='ocrx_word' id='word_1_252' title='bbox 1990 2683 2051 2741; x_wconf 83' lang='grc' dir='ltr'>μὴ</span> <span class='ocrx_word' id='word_1_253' title='bbox 2096 2681 2300 2741; x_wconf 81' lang='grc' dir='ltr'><em>δόξωμεν</em></span> <span class='ocrx_word' id='word_1_254' title='bbox 2340 2679 2482 2739; x_wconf 81' lang='grc' dir='ltr'><em>πάντη</em></span> 
     </span>
     <span class='ocr_line' id='line_1_26' title="bbox 406 2750 2482 2816; baseline 0.002 -22"><span class='ocrx_word' id='word_1_255' title='bbox 406 2751 639 2811; x_wconf 78' lang='grc' dir='ltr'><em>τυγχάνειν</em></span> <span class='ocrx_word' id='word_1_256' title='bbox 670 2750 839 2804; x_wconf 77' lang='grc' dir='ltr'><em>ἄνισοι,</em></span> <span class='ocrx_word' id='word_1_257' title='bbox 870 2758 942 2798; x_wconf 86' lang='grc' dir='ltr'><em>καὶ</em></span> <span class='ocrx_word' id='word_1_258' title='bbox 966 2761 1059 2804; x_wconf 86' lang='grc' dir='ltr'><em>τοῖς</em></span> <span class='ocrx_word' id='word_1_259' title='bbox 1089 2755 1169 2812; x_wconf 81' lang='grc' dir='ltr'><em>μὲν</em></span> <span class='ocrx_word' id='word_1_260' title='bbox 1193 2753 1247 2797; x_wconf 81' lang='grc' dir='ltr'><em>τὰ</em></span> <span class='ocrx_word' id='word_1_261' title='bbox 1273 2752 1418 2798; x_wconf 82' lang='grc' dir='ltr'><strong><em>εἰκότα</em></strong></span> <span class='ocrx_word' id='word_1_262' title='bbox 1443 2761 1680 2816; x_wconf 79' lang='grc' dir='ltr'><em>παραινεῖν</em></span> <span class='ocrx_word' id='word_1_263' title='bbox 1698 2756 2008 2812; x_wconf 84' lang='lat' dir='ltr'>(persuadere</span> <span class='ocrx_word' id='word_1_264' title='bbox 2032 2768 2150 2812; x_wconf 81' lang='lat' dir='ltr'>quae</span> <span class='ocrx_word' id='word_1_265' title='bbox 2175 2751 2320 2798; x_wconf 83' lang='lat' dir='ltr'>officii</span> <span class='ocrx_word' id='word_1_266' title='bbox 2335 2756 2482 2810; x_wconf 82' lang='lat' dir='ltr'>sunt),</span> 
     </span>
     <span class='ocr_line' id='line_1_27' title="bbox 407 2823 2539 2889; baseline 0.001 -22"><span class='ocrx_word' id='word_1_267' title='bbox 407 2823 533 2882; x_wconf 76' lang='grc' dir='ltr'><em>ὑμῶν</em></span> <span class='ocrx_word' id='word_1_268' title='bbox 565 2825 614 2868; x_wconf 82' lang='grc' dir='ltr'>δὲ</span> <span class='ocrx_word' id='word_1_269' title='bbox 637 2832 690 2884; x_wconf 75' lang='grc' dir='ltr'><em>τῇ</em></span> <span class='ocrx_word' id='word_1_270' title='bbox 719 2825 956 2883; x_wconf 80' lang='grc' dir='ltr'><em>δυναστείᾳ</em></span> <span class='ocrx_word' id='word_1_271' title='bbox 987 2834 1301 2888; x_wconf 73' lang='grc' dir='ltr'><em>παραχωρεῖν,</em></span> <span class='ocrx_word' id='word_1_272' title='bbox 1347 2825 1501 2889; x_wconf 77' lang='grc' dir='ltr'><em>ὥσπερ</em></span> <span class='ocrx_word' id='word_1_273' title='bbox 1546 2828 1668 2873; x_wconf 81' lang='grc' dir='ltr'><em>αἰδοῖ</em></span> <span class='ocrx_word' id='word_1_274' title='bbox 1707 2827 1784 2884; x_wconf 85' lang='grc' dir='ltr'>τὴν</span> <span class='ocrx_word' id='word_1_275' title='bbox 1815 2826 1927 2871; x_wconf 78' lang='grc' dir='ltr'><em>κατὰ</em></span> <span class='ocrx_word' id='word_1_276' title='bbox 1959 2826 2160 2888; x_wconf 87' lang='grc' dir='ltr'><em>Χριστὸν</em></span> <span class='ocrx_word' id='word_1_277' title='bbox 2199 2823 2323 2885; x_wconf 69' lang='grc' dir='ltr'><em>ἡμῶν</em></span> <span class='ocrx_word' id='word_1_278' title='bbox 2363 2826 2483 2871; x_wconf 84' lang='grc' dir='ltr'><em>ἐλευ-</em></span> <span class='ocrx_word' id='word_1_279' title='bbox 2534 2877 2539 2880; x_wconf 40' lang='grc'><em>,</em></span> 
     </span>
     <span class='ocr_line' id='line_1_28' title="bbox 408 2890 2484 2959; baseline -0 -16"><span class='ocrx_word' id='word_1_280' title='bbox 408 2901 592 2958; x_wconf 80' lang='grc' dir='ltr'><em>θερίαν,</em></span> <span class='ocrx_word' id='word_1_281' title='bbox 623 2896 651 2956; x_wconf 82' lang='grc' dir='ltr'><em>ἧ</em></span> <span class='ocrx_word' id='word_1_282' title='bbox 682 2898 770 2942; x_wconf 83' lang='grc' dir='ltr'><em>δέει</em></span> <span class='ocrx_word' id='word_1_283' title='bbox 802 2899 1079 2951; x_wconf 79' lang='grc' dir='ltr'><em>ἐκκλίνοντες·</em></span> <span class='ocrx_word' id='word_1_284' title='bbox 1112 2898 1140 2957; x_wconf 75' lang='grc' dir='ltr'><em>ἢ</em></span> <span class='ocrx_word' id='word_1_285' title='bbox 1170 2906 1256 2945; x_wconf 74' lang='grc' dir='ltr'>τῶν</span> <span class='ocrx_word' id='word_1_286' title='bbox 1286 2902 1366 2959; x_wconf 83' lang='grc' dir='ltr'><em>μὲν</em></span> <span class='ocrx_word' id='word_1_287' title='bbox 1397 2901 1627 2959; x_wconf 79' lang='grc' dir='ltr'><em>κήδεσθαι</em></span> <span class='ocrx_word' id='word_1_288' title='bbox 1656 2902 1826 2959; x_wconf 84' lang='grc' dir='ltr'><em>μᾶλλον</em></span> <span class='ocrx_word' id='word_1_289' title='bbox 1838 2935 1850 2955; x_wconf 88' lang='grc'><em>,</em></span> <span class='ocrx_word' id='word_1_290' title='bbox 1884 2900 2009 2959; x_wconf 74' lang='grc' dir='ltr'><em>ὑμῶν</em></span> <span class='ocrx_word' id='word_1_291' title='bbox 2036 2898 2286 2959; x_wconf 78' lang='grc' dir='ltr'><em>δ’ἀμελεῖν,</em></span> <span class='ocrx_word' id='word_1_292' title='bbox 2318 2890 2380 2943; x_wconf 70' lang='grc' dir='ltr'><em>ὧν</em></span> <span class='ocrx_word' id='word_1_293' title='bbox 2409 2900 2484 2942; x_wconf 85' lang='grc' dir='ltr'><em>καὶ</em></span> 
     </span>
     <span class='ocr_line' id='line_1_29' title="bbox 407 2969 2483 3058; baseline 0.001 -45"><span class='ocrx_word' id='word_1_294' title='bbox 407 2971 575 3028; x_wconf 77' lang='grc' dir='ltr'><em>μᾶλλον</em></span> <span class='ocrx_word' id='word_1_295' title='bbox 608 2973 851 3032; x_wconf 81' lang='grc' dir='ltr'><em>φροντίζειν</em></span> <span class='ocrx_word' id='word_1_296' title='bbox 883 2969 1033 3028; x_wconf 84' lang='grc' dir='ltr'><em>αξιον,</em></span> <span class='ocrx_word' id='word_1_297' title='bbox 1072 2971 1165 3031; x_wconf 86' lang='grc' dir='ltr'>όσῳ</span> <span class='ocrx_word' id='word_1_298' title='bbox 1207 2976 1282 3017; x_wconf 85' lang='grc' dir='ltr'><em>καὶ</em></span> <span class='ocrx_word' id='word_1_299' title='bbox 1313 2990 1372 3024; x_wconf 88' lang='grc' dir='ltr'>εις</span> <span class='ocrx_word' id='word_1_300' title='bbox 1405 2974 1542 3031; x_wconf 82' lang='grc' dir='ltr'><em>μείζω</em></span> <span class='ocrx_word' id='word_1_301' title='bbox 1576 2975 1782 3058; x_wconf 80' lang='grc' dir='ltr'><em>φέρουσα</em></span> <span class='ocrx_word' id='word_1_302' title='bbox 1814 2971 1840 3031; x_wconf 78' lang='grc' dir='ltr'><em>ἦ</em></span> <span class='ocrx_word' id='word_1_303' title='bbox 1884 2973 2000 3031; x_wconf 83' lang='grc' dir='ltr'><em>ῥοπὴ</em></span> <span class='ocrx_word' id='word_1_304' title='bbox 2035 2972 2264 3034; x_wconf 79' lang='grc' dir='ltr'><em>ὁποτέρως</em></span> <span class='ocrx_word' id='word_1_305' title='bbox 2297 2969 2351 3016; x_wconf 78' lang='grc' dir='ltr'><em>ἄν</em></span> <span class='ocrx_word' id='word_1_306' title='bbox 2387 2973 2483 3030; x_wconf 83' lang='grc' dir='ltr'><em>ἔχῃ,</em></span> 
     </span>
    </p>
   </div>
   <div class='ocr_carea' id='block_1_4' title="bbox 409 3043 2560 3106">
    <p class='ocr_par' dir='ltr' id='par_1_5' title="bbox 409 3043 2560 3106">
     <span class='ocr_line' id='line_1_30' title="bbox 409 3043 2560 3106; baseline 0 -19"><span class='ocrx_word' id='word_1_307' title='bbox 409 3047 483 3087; x_wconf 89' lang='grc' dir='ltr'><em>καὶ</em></span> <span class='ocrx_word' id='word_1_308' title='bbox 514 3045 663 3088; x_wconf 90' lang='grc' dir='ltr'><em>πλεῖον</em></span> <span class='ocrx_word' id='word_1_309' title='bbox 693 3044 742 3088; x_wconf 88' lang='grc' dir='ltr'><em>τὸ</em></span> <span class='ocrx_word' id='word_1_310' title='bbox 774 3044 1157 3106; x_wconf 68' lang='grc' dir='ltr'><em>κατορθούμενον·</em></span> <span class='ocrx_word' id='word_1_311' title='bbox 1189 3045 1237 3091; x_wconf 85' lang='grc' dir='ltr'><em>τὸ</em></span> <span class='ocrx_word' id='word_1_312' title='bbox 1270 3045 1358 3106; x_wconf 83' lang='grc' dir='ltr'><em>γὰρ</em></span> <span class='ocrx_word' id='word_1_313' title='bbox 1378 3046 1588 3092; x_wconf 81' lang='grc' dir='ltr'><em>ἐναντίον</em></span> <span class='ocrx_word' id='word_1_314' title='bbox 1627 3043 1759 3104; x_wconf 85' lang='grc' dir='ltr'><em>απείη</em></span> <span class='ocrx_word' id='word_1_315' title='bbox 1791 3043 2131 3103; x_wconf 77' lang='grc' dir='ltr'><em>(οοί51.απίει)</em></span> <span class='ocrx_word' id='word_1_316' title='bbox 2163 3048 2237 3090; x_wconf 86' lang='grc' dir='ltr'><em>καὶ</em></span> <span class='ocrx_word' id='word_1_317' title='bbox 2259 3044 2387 3103; x_wconf 78' lang='grc' dir='ltr'><em>ἤμων</em></span> <span class='ocrx_word' id='word_1_318' title='bbox 2408 3045 2485 3087; x_wconf 80' lang='grc' dir='ltr'><em>καὶ</em></span> <span class='ocrx_word' id='word_1_319' title='bbox 2554 3090 2560 3095; x_wconf 60' lang='lat'>‚</span> 
     </span>
    </p>
   </div>
   <div class='ocr_carea' id='block_1_5' title="bbox 410 3111 2488 3690">
    <p class='ocr_par' dir='ltr' id='par_1_6' title="bbox 410 3111 2488 3544">
     <span class='ocr_line' id='line_1_31' title="bbox 410 3111 2483 3180; baseline 0 -21"><span class='ocrx_word' id='word_1_320' title='bbox 410 3124 490 3160; x_wconf 82' lang='grc' dir='ltr'><em>τοῦ</em></span> <span class='ocrx_word' id='word_1_321' title='bbox 516 3115 664 3178; x_wconf 88' lang='grc' dir='ltr'><em>λόγου.</em></span> <span class='ocrx_word' id='word_1_322' title='bbox 728 3121 781 3161; x_wconf 88' lang='grc' dir='ltr'>Τί</span> <span class='ocrx_word' id='word_1_323' title='bbox 810 3118 888 3162; x_wconf 84' lang='grc' dir='ltr'><em>οὐν</em></span> <span class='ocrx_word' id='word_1_324' title='bbox 921 3135 1060 3175; x_wconf 71' lang='grc' dir='ltr'><em>φατες</em></span> <span class='ocrx_word' id='word_1_325' title='bbox 1090 3122 1164 3163; x_wconf 84' lang='grc' dir='ltr'><em>καὶ</em></span> <span class='ocrx_word' id='word_1_326' title='bbox 1195 3124 1238 3163; x_wconf 89' lang='grc' dir='ltr'><em>τί</em></span> <span class='ocrx_word' id='word_1_327' title='bbox 1268 3118 1672 3178; x_wconf 72' lang='grc' dir='ltr'><em>διομολογούμεθα</em></span> <span class='ocrx_word' id='word_1_328' title='bbox 1704 3120 1821 3180; x_wconf 88' lang='grc' dir='ltr'><em>πρὸς</em></span> <span class='ocrx_word' id='word_1_329' title='bbox 1853 3115 2098 3176; x_wconf 70' lang='grc' dir='ltr'><em>αλλήλουςς</em></span> <span class='ocrx_word' id='word_1_330' title='bbox 2140 3111 2251 3179; x_wconf 86' lang='grc' dir='ltr'>Λρα</span> <span class='ocrx_word' id='word_1_331' title='bbox 2284 3117 2483 3170; x_wconf 76' lang='grc' dir='ltr'><em>δέξεσθε</em></span> 
     </span>
     <span class='ocr_line' id='line_1_32' title="bbox 411 3182 2485 3253; baseline 0 -21"><span class='ocrx_word' id='word_1_332' title='bbox 411 3182 490 3234; x_wconf 71' lang='grc' dir='ltr'><em>οὖν</em></span> <span class='ocrx_word' id='word_1_333' title='bbox 520 3192 748 3249; x_wconf 75' lang='grc' dir='ltr'><em>παρρησίᾳ</em></span> <span class='ocrx_word' id='word_1_334' title='bbox 779 3191 853 3234; x_wconf 91' lang='grc' dir='ltr'>τὸν</span> <span class='ocrx_word' id='word_1_335' title='bbox 884 3189 1039 3250; x_wconf 90' lang='grc' dir='ltr'><em>λόγον,·</em></span> <span class='ocrx_word' id='word_1_336' title='bbox 1070 3194 1161 3235; x_wconf 88' lang='grc' dir='ltr'><em>Καὶ</em></span> <span class='ocrx_word' id='word_1_337' title='bbox 1193 3191 1217 3236; x_wconf 86' lang='grc' dir='ltr'>ὁ</span> <span class='ocrx_word' id='word_1_338' title='bbox 1248 3199 1331 3237; x_wconf 84' lang='grc' dir='ltr'><em>τοῦ</em></span> <span class='ocrx_word' id='word_1_339' title='bbox 1358 3198 1566 3253; x_wconf 83' lang='grc' dir='ltr'><em>Χριστοῦ</em></span> <span class='ocrx_word' id='word_1_340' title='bbox 1592 3190 1728 3250; x_wconf 84' lang='grc' dir='ltr'><em>νόμος</em></span> <span class='ocrx_word' id='word_1_341' title='bbox 1759 3191 2035 3248; x_wconf 71' lang='grc' dir='ltr'><em>ὗποτίθησιν</em></span> <span class='ocrx_word' id='word_1_342' title='bbox 2066 3190 2186 3248; x_wconf 78' lang='grc' dir='ltr'><em>υμᾶς</em></span> <span class='ocrx_word' id='word_1_343' title='bbox 2215 3198 2271 3250; x_wconf 84' lang='grc' dir='ltr'><em>τῇ</em></span> <span class='ocrx_word' id='word_1_344' title='bbox 2294 3191 2377 3250; x_wconf 84' lang='grc' dir='ltr'>ἐμῇ</span> <span class='ocrx_word' id='word_1_345' title='bbox 2405 3189 2485 3233; x_wconf 88' lang='grc' dir='ltr'>δυ-</span> 
     </span>
     <span class='ocr_line' id='line_1_33' title="bbox 411 3260 2485 3326; baseline 0 -21"><span class='ocrx_word' id='word_1_346' title='bbox 411 3266 590 3318; x_wconf 82' lang='grc' dir='ltr'><em>ναστείᾳ</em></span> <span class='ocrx_word' id='word_1_347' title='bbox 621 3265 695 3306; x_wconf 86' lang='grc' dir='ltr'><em>καὶ</em></span> <span class='ocrx_word' id='word_1_348' title='bbox 724 3268 788 3320; x_wconf 79' lang='grc' dir='ltr'><em>τῴ</em></span> <span class='ocrx_word' id='word_1_349' title='bbox 815 3263 912 3322; x_wconf 70' lang='grc' dir='ltr'>ἐμῷ</span> <span class='ocrx_word' id='word_1_350' title='bbox 937 3263 1113 3322; x_wconf 62' lang='grc' dir='ltr'><em>βηματι.</em></span> <span class='ocrx_word' id='word_1_351' title='bbox 1158 3262 1386 3326; x_wconf 71' lang='grc' dir='ltr'><em>’Ἀρχομεν</em></span> <span class='ocrx_word' id='word_1_352' title='bbox 1417 3265 1506 3326; x_wconf 82' lang='grc' dir='ltr'><em>γὰρ</em></span> <span class='ocrx_word' id='word_1_353' title='bbox 1536 3269 1610 3309; x_wconf 81' lang='grc' dir='ltr'><em>καὶ</em></span> <span class='ocrx_word' id='word_1_354' title='bbox 1635 3263 1776 3310; x_wconf 83' lang='grc' dir='ltr'><em>αὐτοί·</em></span> <span class='ocrx_word' id='word_1_355' title='bbox 1809 3262 2071 3326; x_wconf 70' lang='grc' dir='ltr'><em>προσθήσω</em></span> <span class='ocrx_word' id='word_1_356' title='bbox 2104 3264 2180 3318; x_wconf 85' lang='grc' dir='ltr'>δὲ,</span> <span class='ocrx_word' id='word_1_357' title='bbox 2213 3263 2280 3309; x_wconf 85' lang='grc' dir='ltr'><em>ὅτι</em></span> <span class='ocrx_word' id='word_1_358' title='bbox 2310 3265 2386 3307; x_wconf 88' lang='grc' dir='ltr'><em>καὶ</em></span> <span class='ocrx_word' id='word_1_359' title='bbox 2408 3260 2485 3319; x_wconf 77' lang='grc' dir='ltr'><em>τὴν</em></span> 
     </span>
     <span class='ocr_line' id='line_1_34' title="bbox 416 3334 2486 3398; baseline 0 -20"><span class='ocrx_word' id='word_1_360' title='bbox 416 3335 594 3391; x_wconf 88' lang='grc' dir='ltr'><em>μείζονα</em></span> <span class='ocrx_word' id='word_1_361' title='bbox 624 3338 697 3378; x_wconf 85' lang='grc' dir='ltr'><em>καὶ</em></span> <span class='ocrx_word' id='word_1_362' title='bbox 731 3337 994 3398; x_wconf 80' lang='grc' dir='ltr'><em>τελεωτέραν</em></span> <span class='ocrx_word' id='word_1_363' title='bbox 1024 3336 1181 3395; x_wconf 70' lang='grc' dir='ltr'><em>ἀρχήν·</em></span> <span class='ocrx_word' id='word_1_364' title='bbox 1222 3336 1251 3395; x_wconf 80' lang='grc' dir='ltr'><strong><em>ἧ</em></strong></span> <span class='ocrx_word' id='word_1_365' title='bbox 1281 3338 1352 3383; x_wconf 87' lang='grc' dir='ltr'>δεῖ</span> <span class='ocrx_word' id='word_1_366' title='bbox 1380 3337 1431 3383; x_wconf 88' lang='grc' dir='ltr'><em>τὸ</em></span> <span class='ocrx_word' id='word_1_367' title='bbox 1465 3344 1639 3396; x_wconf 83' lang='grc' dir='ltr'><em>πνεῦμα</em></span> <span class='ocrx_word' id='word_1_368' title='bbox 1672 3338 1831 3396; x_wconf 87' lang='lat' dir='ltr'>(coisl.</span> <span class='ocrx_word' id='word_1_369' title='bbox 1863 3340 1900 3383; x_wconf 85' lang='grc' dir='ltr'>εἰ</span> <span class='ocrx_word' id='word_1_370' title='bbox 1933 3338 2002 3382; x_wconf 87' lang='grc' dir='ltr'>δεῖ</span> <span class='ocrx_word' id='word_1_371' title='bbox 2029 3343 2096 3396; x_wconf 73' lang='grc' dir='ltr'><em>τῷ</em></span> <span class='ocrx_word' id='word_1_372' title='bbox 2121 3334 2341 3394; x_wconf 81' lang='grc' dir='ltr'><em>πνεύματι</em></span> <span class='ocrx_word' id='word_1_373' title='bbox 2371 3334 2486 3379; x_wconf 78' lang='grc' dir='ltr'><em>ὐπο-</em></span> 
     </span>
     <span class='ocr_line' id='line_1_35' title="bbox 413 3406 2488 3472; baseline 0 -22"><span class='ocrx_word' id='word_1_374' title='bbox 413 3413 617 3467; x_wconf 82' lang='grc' dir='ltr'><em>χωρῆσαι</em></span> <span class='ocrx_word' id='word_1_375' title='bbox 647 3406 725 3464; x_wconf 79' lang='grc' dir='ltr'>τὴν</span> <span class='ocrx_word' id='word_1_376' title='bbox 756 3406 925 3468; x_wconf 84' lang='grc' dir='ltr'><em>σάρκα,</em></span> <span class='ocrx_word' id='word_1_377' title='bbox 971 3412 1043 3452; x_wconf 87' lang='grc' dir='ltr'><em>καὶ</em></span> <span class='ocrx_word' id='word_1_378' title='bbox 1075 3409 1128 3453; x_wconf 64' lang='lat' dir='ltr'>w}</span> <span class='ocrx_word' id='word_1_379' title='bbox 1156 3410 1286 3470; x_wconf 71' lang='grc' dir='ltr'><em>γήινα</em></span> <span class='ocrx_word' id='word_1_380' title='bbox 1319 3417 1412 3461; x_wconf 89' lang='grc' dir='ltr'><em>τοῖς</em></span> <span class='ocrx_word' id='word_1_381' title='bbox 1444 3412 1757 3472; x_wconf 83' lang='grc' dir='ltr'><em>ἐπουρανίοις)</em></span> <span class='ocrx_word' id='word_1_382' title='bbox 1799 3410 2099 3471; x_wconf 67' lang='grc' dir='ltr'><em>ὗποχωρῇσαι</em></span> <span class='ocrx_word' id='word_1_383' title='bbox 2130 3417 2186 3470; x_wconf 88' lang='grc' dir='ltr'><em>τῇ</em></span> <span class='ocrx_word' id='word_1_384' title='bbox 2213 3411 2375 3470; x_wconf 81' lang='grc' dir='ltr'><em>σαρκὶ,</em></span> <span class='ocrx_word' id='word_1_385' title='bbox 2414 3409 2488 3452; x_wconf 83' lang='grc' dir='ltr'><em>καὶ</em></span> 
     </span>
     <span class='ocr_line' id='line_1_36' title="bbox 412 3474 2486 3544; baseline 0 -23"><span class='ocrx_word' id='word_1_386' title='bbox 412 3485 505 3528; x_wconf 88' lang='grc' dir='ltr'><em>τοῖς</em></span> <span class='ocrx_word' id='word_1_387' title='bbox 544 3483 710 3536; x_wconf 86' lang='grc' dir='ltr'><em>γηίνοις</em></span> <span class='ocrx_word' id='word_1_388' title='bbox 750 3480 805 3523; x_wconf 86' lang='grc' dir='ltr'><em>τὰ</em></span> <span class='ocrx_word' id='word_1_389' title='bbox 851 3480 1110 3540; x_wconf 81' lang='grc' dir='ltr'><em>ἐπουράνια.</em></span> <span class='ocrx_word' id='word_1_390' title='bbox 1182 3485 1294 3541; x_wconf 79' lang='grc' dir='ltr'><em>Λέξῃ</em></span> <span class='ocrx_word' id='word_1_391' title='bbox 1333 3482 1411 3540; x_wconf 66' lang='grc' dir='ltr'>τὴν</span> <span class='ocrx_word' id='word_1_392' title='bbox 1459 3486 1735 3544; x_wconf 81' lang='grc' dir='ltr'><em>παῤῥησίαν,</em></span> <span class='ocrx_word' id='word_1_393' title='bbox 1784 3477 1883 3537; x_wconf 77' lang='grc' dir='ltr'><em>οἷδ’,</em></span> <span class='ocrx_word' id='word_1_394' title='bbox 1932 3482 2000 3528; x_wconf 87' lang='grc' dir='ltr'><em>ὅτι</em></span> <span class='ocrx_word' id='word_1_395' title='bbox 2041 3482 2272 3543; x_wconf 77' lang='grc' dir='ltr'><em>πρόβατον</em></span> <span class='ocrx_word' id='word_1_396' title='bbox 2317 3474 2359 3525; x_wconf 77' lang='grc' dir='ltr'>εἶ</span> <span class='ocrx_word' id='word_1_397' title='bbox 2399 3479 2486 3535; x_wconf 83' lang='lat' dir='ltr'>(al.</span> 
     </span>
    </p>

    <p class='ocr_par' dir='ltr' id='par_1_7' title="bbox 412 3554 2485 3690">
     <span class='ocr_line' id='line_1_37' title="bbox 776 3554 2481 3571; baseline 0 -5"><span class='ocrx_word' id='word_1_398' title='bbox 776 3559 792 3566; x_wconf 69' lang='lat'>-</span> <span class='ocrx_word' id='word_1_399' title='bbox 1099 3554 1408 3571; x_wconf 35' lang='lat'>.....</span> <span class='ocrx_word' id='word_1_400' title='bbox 1564 3558 1572 3570; x_wconf 75' lang='grc'><em>,</em></span> <span class='ocrx_word' id='word_1_401' title='bbox 2049 3554 2058 3566; x_wconf 77' lang='grc'><strong><em>,</em></strong></span> <span class='ocrx_word' id='word_1_402' title='bbox 2105 3555 2117 3563; x_wconf 27' lang='grc' dir='ltr'><strong>χ</strong></span> <span class='ocrx_word' id='word_1_403' title='bbox 2473 3554 2481 3566; x_wconf 70' lang='grc'><em>,</em></span> 
     </span>
     <span class='ocr_line' id='line_1_38' title="bbox 412 3622 2485 3690; baseline 0 -24"><span class='ocrx_word' id='word_1_404' title='bbox 412 3625 554 3673; x_wconf 77' lang='grc' dir='ltr'><em>καλῶς</em></span> <span class='ocrx_word' id='word_1_405' title='bbox 587 3622 764 3669; x_wconf 78' lang='grc' dir='ltr'><em>ἄνωθεν</em></span> <span class='ocrx_word' id='word_1_406' title='bbox 797 3622 984 3686; x_wconf 74' lang='grc' dir='ltr'><em>ι’γμένον</em></span> <span class='ocrx_word' id='word_1_407' title='bbox 1014 3625 1103 3671; x_wconf 81' lang='grc' dir='ltr'>ὑπὸ</span> <span class='ocrx_word' id='word_1_408' title='bbox 1136 3635 1217 3671; x_wconf 82' lang='grc' dir='ltr'><em>τοῦ</em></span> <span class='ocrx_word' id='word_1_409' title='bbox 1244 3627 1496 3685; x_wconf 85' lang='grc' dir='ltr'><em>πνεύματος</em></span> <span class='ocrx_word' id='word_1_410' title='bbox 1527 3631 1602 3673; x_wconf 84' lang='grc' dir='ltr'><em>καὶ</em></span> <span class='ocrx_word' id='word_1_411' title='bbox 1633 3629 1696 3673; x_wconf 82' lang='grc' dir='ltr'><em>τῶ</em></span> <span class='ocrx_word' id='word_1_412' title='bbox 1727 3632 1842 3687; x_wconf 87' lang='grc' dir='ltr'><em>φωτὶ</em></span> <span class='ocrx_word' id='word_1_413' title='bbox 1873 3637 1949 3687; x_wconf 82' lang='grc' dir='ltr'><em>τῆς</em></span> <span class='ocrx_word' id='word_1_414' title='bbox 1987 3625 2121 3690; x_wconf 87' lang='grc' dir='ltr'><em>αγίας</em></span> <span class='ocrx_word' id='word_1_415' title='bbox 2151 3643 2230 3670; x_wconf 81' lang='grc' dir='ltr'><em>και</em></span> <span class='ocrx_word' id='word_1_416' title='bbox 2255 3628 2485 3683; x_wconf 81' lang='grc' dir='ltr'><em>μακαρίας</em></span> 
     </span>
    </p>
   </div>
   <div class='ocr_carea' id='block_1_6' title="bbox 415 3693 2483 3828">
    <p class='ocr_par' dir='ltr' id='par_1_8' title="bbox 415 3693 2483 3828">
     <span class='ocr_line' id='line_1_39' title="bbox 416 3693 2483 3759; baseline 0.003 -21"><span class='ocrx_word' id='word_1_417' title='bbox 416 3697 500 3751; x_wconf 81' lang='lat' dir='ltr'>(al.</span> <span class='ocrx_word' id='word_1_418' title='bbox 534 3697 723 3753; x_wconf 84' lang='lat' dir='ltr'>desunt)</span> <span class='ocrx_word' id='word_1_419' title='bbox 758 3696 953 3754; x_wconf 80' lang='grc' dir='ltr'><em>Τριάδος</em></span> <span class='ocrx_word' id='word_1_420' title='bbox 985 3695 1150 3755; x_wconf 87' lang='grc' dir='ltr'><em>ὁμοίως</em></span> <span class='ocrx_word' id='word_1_421' title='bbox 1182 3698 1286 3757; x_wconf 76' lang='grc' dir='ltr'><em>ἡμῖν</em></span> <span class='ocrx_word' id='word_1_422' title='bbox 1328 3699 1680 3759; x_wconf 84' lang='grc' dir='ltr'><em>ἐλλαμπόμενον.</em></span> <span class='ocrx_word' id='word_1_423' title='bbox 1742 3700 1826 3745; x_wconf 85' lang='grc' dir='ltr'>Διὰ</span> <span class='ocrx_word' id='word_1_424' title='bbox 1863 3698 1993 3745; x_wconf 84' lang='grc' dir='ltr'><em>τοῦτό</em></span> <span class='ocrx_word' id='word_1_425' title='bbox 2026 3716 2107 3758; x_wconf 87' lang='grc' dir='ltr'>μοι</span> <span class='ocrx_word' id='word_1_426' title='bbox 2144 3700 2218 3741; x_wconf 82' lang='grc' dir='ltr'><em>καὶ</em></span> <span class='ocrx_word' id='word_1_427' title='bbox 2247 3695 2426 3757; x_wconf 75' lang='grc' dir='ltr'><em>βραχὺς</em></span> <span class='ocrx_word' id='word_1_428' title='bbox 2458 3693 2483 3739; x_wconf 79' lang='grc' dir='ltr'>ὅ</span> 
     </span>
     <span class='ocr_line' id='line_1_40' title="bbox 415 3766 1148 3828; baseline 0.008 -20"><span class='ocrx_word' id='word_1_429' title='bbox 415 3766 528 3826; x_wconf 84' lang='grc' dir='ltr'><em>πρὸς</em></span> <span class='ocrx_word' id='word_1_430' title='bbox 561 3769 610 3810; x_wconf 76' lang='grc' dir='ltr'>σε</span> <span class='ocrx_word' id='word_1_431' title='bbox 642 3767 779 3828; x_wconf 86' lang='grc' dir='ltr'><em>λόγος</em></span> <span class='ocrx_word' id='word_1_432' title='bbox 813 3772 885 3813; x_wconf 88' lang='grc' dir='ltr'><em>καὶ</em></span> <span class='ocrx_word' id='word_1_433' title='bbox 916 3767 1148 3827; x_wconf 86' lang='grc' dir='ltr'><em>σύντομος.</em></span> 
     </span>
    </p>
   </div>
   <div class='ocr_carea' id='block_1_7' title="bbox 420 3841 2485 4051">
    <p class='ocr_par' dir='ltr' id='par_1_9' title="bbox 420 3841 2485 4051">
     <span class='ocr_line' id='line_1_41' title="bbox 533 3841 1716 3901; baseline 0.005 -19"><span class='ocrx_word' id='word_1_434' title='bbox 533 3841 551 3866; x_wconf 86' lang='lat'>²</span> <span class='ocrx_word' id='word_1_435' title='bbox 581 3841 866 3885; x_wconf 87' lang='lat' dir='ltr'>Describitur</span> <span class='ocrx_word' id='word_1_436' title='bbox 897 3844 999 3886; x_wconf 89' lang='lat' dir='ltr'>veri</span> <span class='ocrx_word' id='word_1_437' title='bbox 1031 3844 1251 3901; x_wconf 89' lang='lat' dir='ltr'>principis</span> <span class='ocrx_word' id='word_1_438' title='bbox 1277 3844 1521 3889; x_wconf 86' lang='lat' dir='ltr'>christiani</span> <span class='ocrx_word' id='word_1_439' title='bbox 1551 3843 1716 3889; x_wconf 85' lang='lat' dir='ltr'>forma.</span> 
     </span>
     <span class='ocr_line' id='line_1_42' title="bbox 534 3908 2481 3978; baseline 0.003 -27"><span class='ocrx_word' id='word_1_440' title='bbox 534 3910 553 3938; x_wconf 76' lang='grc'><strong>3</strong></span> <span class='ocrx_word' id='word_1_441' title='bbox 583 3910 760 3955; x_wconf 79' lang='lat' dir='ltr'>Ibidem.</span> <span class='ocrx_word' id='word_1_442' title='bbox 833 3918 1021 3973; x_wconf 72' lang='grc' dir='ltr'><em>Χριστῷ</em></span> <span class='ocrx_word' id='word_1_443' title='bbox 1057 3915 1320 3975; x_wconf 76' lang='grc' dir='ltr'><em>συνάρχεις,</em></span> <span class='ocrx_word' id='word_1_444' title='bbox 1370 3918 1556 3978; x_wconf 84' lang='grc' dir='ltr'><em>Χριστῷ</em></span> <span class='ocrx_word' id='word_1_445' title='bbox 1599 3920 1675 3962; x_wconf 83' lang='grc' dir='ltr'><em>καὶ</em></span> <span class='ocrx_word' id='word_1_446' title='bbox 1724 3916 1811 3973; x_wconf 83' lang='lat' dir='ltr'>(al.</span> <span class='ocrx_word' id='word_1_447' title='bbox 1851 3915 2006 3970; x_wconf 82' lang='lat' dir='ltr'>deest)</span> <span class='ocrx_word' id='word_1_448' title='bbox 2053 3913 2332 3962; x_wconf 84' lang='grc' dir='ltr'><em>συνδιοικεῖς·</em></span> <span class='ocrx_word' id='word_1_449' title='bbox 2373 3908 2481 3972; x_wconf 87' lang='grc' dir='ltr'><em>παρ’</em></span> 
     </span>
     <span class='ocr_line' id='line_1_43' title="bbox 420 3981 2485 4051; baseline 0.002 -28"><span class='ocrx_word' id='word_1_450' title='bbox 420 3981 594 4030; x_wconf 84' lang='grc' dir='ltr'><em>ἐκείνου</em></span> <span class='ocrx_word' id='word_1_451' title='bbox 628 4000 700 4027; x_wconf 90' lang='grc' dir='ltr'>σοι</span> <span class='ocrx_word' id='word_1_452' title='bbox 744 3984 793 4027; x_wconf 89' lang='grc' dir='ltr'><em>τὸ</em></span> <span class='ocrx_word' id='word_1_453' title='bbox 839 3990 998 4043; x_wconf 84' lang='grc' dir='ltr'><em>ξίφος,</em></span> <span class='ocrx_word' id='word_1_454' title='bbox 1045 3986 1124 4032; x_wconf 79' lang='grc' dir='ltr'>οὐκ</span> <span class='ocrx_word' id='word_1_455' title='bbox 1170 3991 1232 4040; x_wconf 86' lang='grc' dir='ltr'>εἰς</span> <span class='ocrx_word' id='word_1_456' title='bbox 1271 3991 1425 4051; x_wconf 80' lang='grc' dir='ltr'><em>ἔργον,</em></span> <span class='ocrx_word' id='word_1_457' title='bbox 1473 3987 1566 4034; x_wconf 77' lang='grc' dir='ltr'>ἀλλ’</span> <span class='ocrx_word' id='word_1_458' title='bbox 1608 3991 1671 4040; x_wconf 87' lang='grc' dir='ltr'>εἰς</span> <span class='ocrx_word' id='word_1_459' title='bbox 1711 3986 1907 4045; x_wconf 81' lang='grc' dir='ltr'><em>απειλήν·</em></span> <span class='ocrx_word' id='word_1_460' title='bbox 1947 3983 1974 4032; x_wconf 82' lang='grc' dir='ltr'>ὅ</span> <span class='ocrx_word' id='word_1_461' title='bbox 2010 3985 2222 4046; x_wconf 77' lang='grc' dir='ltr'><em>καθαρὸν</em></span> <span class='ocrx_word' id='word_1_462' title='bbox 2265 3982 2485 4042; x_wconf 74' lang='grc' dir='ltr'><em>ἀνάθημα</em></span> 
     </span>
    </p>
   </div>
  </div>
 </body>
</html>
