2716 4446
1045 98 1395 162 „31-

183 250 365 307 stitum
405 249 682 323 regiminis
721 256 850 318 erat,
886 249 978 322 qui
1008 268 1065 302 se
1092 248 1212 302 Deo
1252 250 1477 319 eiusque
1518 248 1738 302 servitio
1777 255 1918 302 totos
1957 247 2253 317 dedissent,

182 348 238 421 in
268 345 616 418 perfectionis
641 345 785 398 vitae
824 343 1067 396 instituto
1095 344 1249 411 tueri,
1279 343 1613 411 confirmare,
1655 343 1892 413 erigere:
1933 343 2025 414 qui
2049 344 2106 396 in
2147 361 2255 395 sor-

142 470 147 475 ·
182 446 290 491 tem
333 439 620 491 ministerii
676 437 933 490 dominici
987 438 1166 490 vocati
1223 443 1419 504 essent,
1466 435 1551 488 his
1591 444 1838 489 auctores
1878 437 2157 505 exsistere,
2198 444 2258 490 ut
2298 450 2592 525 Olersszdssigfme

181 532 591 584 convenientem
629 530 707 582 illi
748 531 1006 583 scientiae
1044 529 1273 600 gradum
1311 538 1473 600 atque
1514 531 1738 600 dignum
1775 530 1870 583 illa
1897 530 2257 584 conversandi

178 624 398 676 modum
435 624 698 677 haberent
744 631 906 695 atque
960 632 1256 677 servarent.
1335 624 1496 690 Quod
1548 625 1768 695 quidem
1822 643 1990 696 quum
2038 623 2257 695 probari
2326 648 2331 654 ·

180 715 302 769 aliis
357 717 481 769 heic
535 736 644 770 non
718 717 940 786 debeat,
1003 717 1208 770 utiliter
1264 726 1445 771 tamen
1507 718 1609 771 hoc
1667 717 1916 771 orientali
1947 719 1985 789 ¹)
2050 736 2257 772 canone

177 808 490 876 illustratur,
537 828 642 880 quo
681 811 1046 881 praecipitur:
1090 810 1283 880 „Quod
1311 811 1617 881 pastoribus
1663 820 1717 865 et
1760 811 2061 865 rectoribus
2087 812 2257 866 eccle·
2326 831 2409 863 ean.
2436 832 2556 864 orient.

180 903 378 955 siarum
399 920 607 954 summa
626 903 803 956 inesse
830 903 992 956 debet
1018 903 1321 957 sollicitudo
1345 904 1657 958 stabiliendi
1678 904 1978 958 doctrinam
2000 905 2256 960 ecclesia-

181 995 398 1063 sticam,
457 1003 511 1048 et
554 1003 614 1048 ut
662 997 719 1049 in
758 997 1007 1050 omnibus
1047 998 1293 1050 ecclesiis
1346 999 1677 1051 constituant
1734 998 1984 1052 doctores
2033 1001 2253 1071 peritOS,

181 1089 274 1159 qui
311 1089 539 1141 timeant
579 1088 775 1157 Deum,
816 1099 870 1143 et
910 1098 1183 1143 strenuam
1208 1109 1408 1158 ‚curam
1464 1098 1684 1161 gerant,
1742 1091 1973 1145 docendi
2012 1101 2066 1145 et
2103 1112 2256 1146 exer-

180 1181 339 1235 cendi
377 1183 773 1236 convenienter
822 1182 1142 1253 discipulos,
1206 1192 1260 1236 et
1316 1183 1537 1254 quidem
1598 1202 1808 1237 summa
1863 1184 2147 1254 diligentia
2204 1195 2259 1239 et

180 1274 465 1328 sedulitate
504 1274 712 1346 absque
752 1275 1000 1329 socordia
1039 1285 1093 1329 et
1129 1276 1494 1347 negligentia,
1556 1277 1631 1330 ita
1680 1285 1740 1330 ut
1790 1278 1947 1332 brevi
1997 1280 2259 1350 temporis

180 1370 352 1439 spatio
409 1370 466 1422 in
522 1367 753 1421 alumnis
812 1378 1103 1422 cernantur
1158 1369 1365 1423 fructus
1418 1371 1678 1424 scientiae
1718 1381 1772 1425 et
1809 1371 2255 1443 intelligentiae.„

178 1462 251 1516 Et
289 1462 539 1516 similiter
562 1463 605 1534 2)
643 1464 866 1517 Isaacus
890 1466 1253 1518 armeniorum
1276 1465 1747 1536 archiepiscopus:
1791 1466 2004 1537 „Quam
2032 1467 2100 1520 ob
2126 1487 2257 1537 rem,
2301 1492 2414 1525 Isaac.
2444 1502 2575 1526 armen.

179 1558 370 1628 inquit,
389 1575 612 1611 necesse
630 1564 714 1611 est
734 1558 988 1611 continuo
1005 1557 1218 1611 scholas
1240 1566 1456 1612 ornatas
1478 1563 1806 1614 constituere
1826 1562 1884 1614 in
1897 1562 2258 1630 monasteriis,

179 1657 232 1703 et
267 1651 326 1703 in
362 1649 483 1704 aliis
522 1649 657 1704 locis
696 1650 1047 1720 decentibus,
1088 1651 1181 1704 ubi
1221 1651 1410 1705 clerici
1448 1651 1740 1707 illuminati
1792 1654 1996 1708 lumine
2034 1655 2255 1708 manda-

178 1751 355 1798 torum
378 1744 503 1814 Dei,
544 1752 753 1798 ceteros
791 1745 1038 1799 homines
1077 1745 1400 1801 illuminent,
1478 1745 1536 1800 Si
1563 1749 1709 1802 enim
1739 1748 1934 1818 cleruS,
1976 1750 2069 1820 qui
2096 1757 2260 1821 caput

180 1845 263 1891 est
300 1838 579 1906 ecclesiae,
618 1838 934 1909 praeluceat
970 1839 1128 1892 bonis
1169 1840 1464 1912 exemplis,
1503 1844 1703 1913 ‘sitque
1744 1842 2258 1898 observantissimus

181 1949 245 1984 ac
284 1933 681 2002 integerrimus,
722 1933 797 1985 ita
835 1934 937 1986 erit
972 1941 1025 1986 et
1064 1933 1352 2004 popuIUS„.

354 2026 438 2078 36.
467 2023 576 2079 Sed
615 2027 660 2078 si
690 2045 844 2079 sacer
868 2028 1110 2097 priorum
1140 2027 1421 2081 character
1449 2047 1603 2082 sacra
1625 2030 1953 2102 episcopalis
1973 2031 2258 2103 potestatis
2275 2056 2457 2098 Baptizati
2482 2066 2607 2090 omnes.

181 2119 300 2172 iura
314 2126 367 2173 et
387 2118 566 2194 officia
586 2119 655 2172 ad
677 2138 734 2172 se
757 2138 1019 2191 suumque
1034 2119 1236 2174 bonum
1251 2123 1423 2193 primo
1443 2125 1725 2193 convertit,
1748 2124 2058 2179 nullatenus
2078 2135 2260 2180 tamen

185 2211 280 2266 illa
318 2212 595 2266 exhaurit:
653 2212 815 2266 latius
854 2213 1044 2267 eadem
1081 2222 1284 2285 patent,
1325 2234 1526 2287 eosque
1579 2217 2015 2289 complectuntur
2054 2239 2258 2290 omnes,

112 2336 115 2340 -
184 2309 276 2378 qui
316 2326 468 2361 sacro
506 2306 849 2378 baptismatis
888 2307 1201 2362 charactere
1240 2311 1485 2381 insignes
1511 2312 1554 2383 3)
1615 2311 1891 2366 Christum
1951 2314 2259 2371 induerunt.

181 2399 256 2454 Hi
295 2403 438 2455 enim
476 2419 661 2455 omnes
702 2400 983 2454 indelebili
1022 2405 1176 2473 signo
1203 2403 1465 2475 adscripti
1505 2403 1722 2459 Christo
1764 2405 1966 2461 Christi
2004 2411 2260 2480 potestati

184 2494 569 2549 subiiciuntur:
627 2496 777 2567 atqui
817 2496 1046 2566 Christi,
1086 2499 1320 2569 pastoris
1360 2506 1522 2571 atque
1561 2501 1805 2571 episcopi
1842 2503 2136 2574 principiS,
2196 2524 2261 2557 ea

175 2595 413 2660 potestas
439 2597 536 2659 est,
576 2608 684 2661 qua
721 2590 945 2644 obnoxii
982 2600 1231 2663 pastores
1267 2601 1320 2647 et
1358 2595 1601 2666 episcopi
1639 2595 1695 2649 in
1722 2596 1832 2650 Dei
1872 2597 2105 2651 ecclesia
2140 2599 2260 2652 mit-

180 2690 365 2755 tuntur
390 2703 455 2738 ac
480 2692 767 2757 ponuntur.
794 2685 1090 2757 Propterea
1113 2687 1380 2758 novimus,
1410 2688 1527 2742 iure
1555 2708 1652 2743 suo
1680 2709 1852 2762 eoque
1879 2694 2187 2747 necessario
2212 2692 2258 2759 4)

188 2944 290 2991 341.
322 2947 476 3002 synod.
508 2944 665 2989 laodic.
699 2961 796 2992 can.
827 2944 898 2994 24.
929 2962 998 3003 ap.
1031 2963 1114 2991 em.
1145 2948 1269 2992 Pitra
1297 2949 1328 2994 1.
1351 2965 1390 2996 c.
1412 2965 1455 3005 p.
1479 2948 1579 2994 498.
1596 2950 1716 3004 alibi,
1749 2951 1848 2995 coll.
1881 2952 2037 2999 eccles.
2068 2952 2259 2998 antioch.

187 3030 325 3074 syror.
357 3033 584 3062 nomocan.
628 3032 665 3061 c.
697 3019 798 3064 VII,
845 3025 950 3064 sect.
984 3020 1037 3062 X.
1071 3023 1167 3076 „De
1198 3027 1327 3065 coetu
1357 3025 1694 3078 monachorum„
1728 3040 1798 3080 ap.
1829 3027 1919 3068 Mai
1952 3028 2118 3082 scriptt.
2151 3031 2256 3069 vett.

186 3095 220 3136 t.
252 3087 305 3135 X.
337 3104 430 3145 par.
461 3091 518 3133 11.
550 3106 623 3146 pp.
654 3089 726 3136 56.
760 3107 856 3147 sqq.
889 3098 932 3135 et
961 3097 1194 3140 armenior.
1228 3111 1384 3139 canon.
1416 3097 1523 3139 ibid.
1563 3113 1606 3152 p.
1639 3098 1740 3144 310.

365 3160 398 3215 ¹)
431 3160 614 3206 Collect.
646 3176 799 3206 canon.
832 3165 1027 3218 synodic.
1060 3180 1154 3208 can.
1187 3167 1375 3210 Timoth,
1409 3182 1505 3213 can.
1537 3167 1578 3211 2.
1603 3183 1674 3224 ap.
1700 3169 1792 3212 Mai
1822 3172 1990 3227 scriptt.
2008 3176 2113 3214 vett.
2145 3177 2175 3216 t.
2201 3171 2258 3219 X.

190 3244 282 3287 par.
313 3230 350 3274 Ι.
379 3247 421 3286 p.
453 3232 522 3275 98.
558 3234 642 3278 col.
673 3233 715 3279 2.
1022 3241 1025 3244 '

366 3306 403 3357 ²)
434 3306 502 3346 De
533 3306 854 3362 chorepiscopis
886 3322 979 3364 cap.
1014 3309 1084 3354 10.
1116 3325 1186 3365 ap.
1219 3310 1310 3353 Mai
1341 3313 1371 3354 1.
1404 3327 1441 3355 c.
1473 3328 1567 3368 par.
1599 3314 1657 3356 ΙΙ.
1688 3329 1732 3369 Ρ.
1765 3313 1865 3359 278.

365 3374 401 3431 3)
431 3374 530 3418 Hoc
558 3378 653 3419 iure
683 3391 788 3420 usus
818 3381 964 3422 statim
1005 3382 1060 3423 ab
1091 3383 1215 3424 initio
1246 3385 1461 3437 praeclari
1492 3387 1561 3427 sui
1589 3388 1816 3441 regiminis
1847 3388 1953 3430 Pius
1983 3386 2062 3435 IX.
2093 3389 2259 3432 litteras

190 3448 430 3502 pastorales
462 3448 581 3489 dedit
626 3449 683 3490 ad
724 3450 876 3492 fideles
917 3453 1148 3495 orientales
1194 3454 1426 3497 schismate
1471 3458 1683 3512 inplexos,
1725 3464 1769 3501 et
1809 3461 1962 3502 eodem
2006 3474 2125 3502 nunc
2154 3475 2259 3503 usus

189 3521 420 3574 Hem-icus,
451 3521 815 3575 paderbornensis
846 3524 1090 3578 episcopus,
1123 3525 1180 3567 ad
1200 3526 1446 3580 baptizatos
1477 3531 1525 3569 in
1555 3542 1635 3571 sua
1657 3530 1846 3573 dioecesi
1877 3536 1999 3574 extra
2029 3533 2260 3575 ecclesiam

194 3591 403 3647 degentes
433 3593 697 3646 pastoralem
727 3595 902 3649 scripsit
932 3597 1173 3650 epistolam.

364 3664 400 3719 ⁴)
430 3664 548 3706 Hinc
577 3666 623 3706 in
654 3665 805 3707 eadem
838 3667 1037 3709 orientali
1068 3669 1235 3722 synodo
1264 3685 1333 3725 ap.
1364 3671 1456 3713 Mai
1485 3673 1515 3716 1.
1543 3687 1579 3714 c.
1612 3675 1763 3716 statuit
1793 3676 2046 3718 Timotheus
2076 3678 2256 3731 patriar·
2279 3681 2617 3725 Timothpatriarck.

191 3734 274 3778 cha
304 3749 398 3780 can.
434 3735 473 3780 1.
507 3737 663 3789 „Quod
693 3738 1000 3792 Apostolorum
1033 3746 1076 3781 et
1117 3743 1396 3796 antiquorum
1426 3744 1607 3786 Patrum
1638 3760 1827 3788 canones
1858 3749 1904 3789 in
1935 3748 2113 3801 synodis
2144 3750 2258 3790 occi-

191 3807 436 3850 dentalibus
478 3813 608 3863 atque
648 3811 932 3852 orientalibus
968 3804 1178 3866 (orientis
1219 3816 1406 3869 nomine,
1461 3817 1605 3870 inquit
1645 3831 1727 3859 em.
1776 3819 1928 3872 editor,
1977 3820 2260 3874 chaldaeam,
2290 3834 2483 3875 Occidentis
2504 3854 2604 3877 cano·

189 3878 429 3935 Assyriam,
460 3879 772 3938 Persidemque
801 3884 1071 3942 intelligunt)
1103 3887 1254 3929 statuti
1285 3889 1398 3931 sicut
1426 3889 1594 3945 pupilla
1623 3891 1739 3935 oculi
1770 3892 2084 3948 custodiantur,
2115 3907 2258 3950 neque
2317 3886 2576 3967 magolf-021⁷?
