2716 4446
308 3473 319 3484 .
354 3450 392 3485 Τ.

1370 232 1717 302 -180-

685 388 735 446 1.
774 387 1011 440 conditio
1050 404 1408 456 personarum
1461 393 1574 440 tam
1622 385 1895 457 loquentis
1936 386 2248 459 Sapientiae
2286 407 2450 461 quam
2488 409 2585 447 au÷

508 482 772 536 dientium
810 479 1227 550 discipulorum3
1266 479 1375 532 nisi
1413 481 1557 532 enim
1594 479 1825 533 velimus
1864 481 2208 552 contendere,
2245 483 2304 536 id
2340 503 2373 536 a
2395 483 2580 538 Verbo

509 575 694 629 divino
753 582 808 627 et
864 573 1086 645 quidem
1141 591 1239 644 pro
1294 573 1362 625 iis
1419 592 1601 627 rerum
1656 573 1942 638 adiunctiS‚
2003 594 2143 646 quae
2188 578 2519 650 ‚praestituta
2536 577 2580 648 ¹)

508 669 739 737 fuerunt,
779 667 985 721 dictum
1022 666 1446 738 mandatumque
1503 667 1687 736 fuisse,
1747 669 1890 740 quod
1948 688 2126 741 neque
2174 669 2367 722 Petrus
2405 689 2582 742 neque

510 763 677 817 ceteri
713 761 967 834 Apostoli
1004 760 1390 832 intelligerent,
1430 761 1705 814 adfirmari
1748 761 1896 815 haud
1933 781 2094 834 posse
2132 763 2362 833 videtur,
2402 783 2583 836 respe-

508 857 658 910 xisse
696 855 991 909 Dominum
1030 855 1100 908 ad
1138 874 1341 924 casum,
1383 856 1538 909 cuius
1575 875 1678 910 nec
1704 858 1998 928 vestigium
2036 877 2140 911 nec
2176 858 2303 912 vola
2340 867 2581 913 anteces-

510 959 655 1005 serat
691 969 793 1004 nec
832 949 923 1005 vel
961 950 1154 1003 umbra
1191 950 1248 1003 in
1285 958 1524 1003 mentem
1561 952 1750 1004 venire
1789 951 1887 1004 ulli
1923 959 2162 1023 poterat:
2203 953 2333 1023 quin
2370 953 2533 1006 immo

684 1046 734 1101 2.
775 1044 833 1098 id
868 1050 1020 1099 vetat
1056 1045 1178 1115 ipsa
1216 1042 1515 1098 Salvatoris
1555 1046 1825 1099 sententia
1880 1046 2174 1099 inmediate
2214 1053 2586 1118 praevertenS,

509 1158 618 1211 qua
654 1138 803 1192 Petri
841 1138 1149 1192 constantia
1205 1156 1270 1191 ac
1326 1137 1554 1191 firmitas
1612 1138 1946 1209 edicebatur,
2002 1141 2079 1194 ita
2135 1148 2195 1194 ut
2251 1141 2476 1212 quaevis
2515 1140 2582 1193 de

507 1233 657 1287 Petri
695 1231 1003 1286 defectione
1044 1232 1284 1303 suspicio
1324 1231 1393 1285 ab
1433 1231 1772 1286 audientium
1810 1234 2005 1286 animis
2045 1233 2383 1305 abigeretur:
2422 1241 2583 1306 atque

508 1327 655 1382 idem
690 1334 879 1382 vetant
916 1328 1079 1380 etiam
1116 1327 1493 1382 vehementius

683 1422 734 1475 3.
774 1440 913 1493 quae
948 1440 1080 1475 mox
1136 1421 1557 1494 subsequuntur.
1622 1422 1804 1489 Quum
1855 1423 1999 1476 enim
2044 1422 2315 1476 Dominus
2359 1423 2584 1477 totidem

508 1515 694 1570 verbis
731 1516 953 1570 Petrum
1003 1517 1071 1570 de
1121 1517 1407 1570 inminenti
1458 1516 1615 1588 lapsu
1655 1517 2086 1586 commonefecit,
2143 1515 2454 1571 admonitio*
2477 1518 2584 1589 pri-

509 1629 658 1664 mum
695 1610 778 1664 illi
815 1629 976 1679 nova,
1016 1611 1274 1680 insolens,
1314 1611 1560 1664 inaudita
1598 1612 1840 1682 contigit,
1867 1618 2183 1683 tantumque
2208 1629 2368 1683 porro
2395 1610 2583 1679 abfuit,

508 1711 570 1758 ut
605 1695 867 1775 magistro
907 1705 1216 1759 adfirmanti
1255 1705 1602 1777 auscultaret,
1649 1713 1710 1759 ut
1749 1724 1854 1778 quo
1895 1705 2174 1759 ardentius
2211 1702 2399 1776 posset
2435 1705 2586 1759 obni—

508 1806 743 1853 teretur:
784 1799 931 1871 quod
964 1799 1230 1852 indicium
1269 1807 1352 1853 est
1387 1799 1755 1869 manifestum,
1811 1817 1914 1852 nec
1951 1798 2200 1852 umbram
2239 1799 2460 1872 quidem
2497 1817 2584 1853 co-

508 1893 789 1964 gitationis
847 1893 915 1946 de
972 1892 1131 1964 lapsu
1180 1892 1402 1946 Petrum
1440 1899 1760 1964 ceterosque
1799 1892 2092 1964 Apostolos
2133 1892 2381 1947 subiisse.
2439 1891 2583 1947 Sane

510 1987 749 2059 idipsum
786 1995 938 2042 vetat

683 2080 734 2138 44
775 2082 1037 2136 orationis
1077 2083 1396 2150 contextus3
1437 2079 1632 2152 quodsi
1671 2081 1816 2134 enim
1842 2078 2092 2134 Christus
2131 2080 2438 2152 significata
2472 2099 2585 2134 mo-

510 2174 614 2229 rali
649 2174 802 2230 Petri
840 2175 1197 2229 conversione
1235 2174 1498 2228 moralem
1550 2175 1667 2228 eius
1713 2174 2056 2228 aversionem
2090 2193 2154 2228 ac
2191 2174 2407 2246 lapsum
2443 2174 2585 2228 adsi-

512 2268 844 2341 gnificasset,
900 2269 1221 2323 defectionis
1275 2269 1424 2323 illius
1481 2287 1702 2334 causam
1758 2287 1830 2322 ex
1890 2268 2056 2322 ductu
2110 2269 2372 2323 sermonis
2426 2279 2585 2322 nemo

512 2364 676 2418 aliam
712 2370 899 2435 posset
935 2363 1156 2433 habere,
1195 2370 1415 2435 praeter
1438 2363 1736 2417 indicatam
1761 2364 1913 2435 prius
1940 2370 2162 2417 satanae
2189 2361 2585 2418 cribrationem.

512 2459 683 2531 Atqui
719 2459 777 2512 in
812 2457 1145 2524 cribratione
1182 2457 1302 2527 hac,
1332 2476 1471 2530 quae
1505 2477 1615 2512 una
1642 2446 1944 2530 eademque
1983 2459 2222 2511 omnium
2261 2465 2405 2517 esset
2439 2457 2586 2529 Apo-

514 2551 792 2621 stolorum,
831 2571 1001 2605 unum
1039 2550 1317 2605 Simonem
1354 2551 1530 2606 voluit
1577 2552 1864 2620 Dominus*
1901 2551 2252 2623 singulariter
2287 2535 2588 2622 munitum3
2650 2613 2657 2616 Δ

512 2663 622 2700 11011
656 2647 835 2717 potuit
869 2647 1038 2717 igitur
1074 2646 1220 2700 idem
1260 2647 1531 2701 Dominus
1555 2646 1627 2701 ad
1652 2646 1788 2700 illud
1827 2665 1986 2700 casus
2013 2647 2292 2717 specimen
2329 2644 2586 2714 alludere,

512 2938 751 2994 deprecans
780 2939 892 2979 iram
916 2937 1109 2978 divinam
1139 2937 1321 2991 flagitat,
1351 2940 1401 2978 ut
1430 2937 1553 2978 Deus
1595 2938 1852 2989 „convertat
1879 2935 2078 2976 homines
2109 2935 2165 2977 ad
2196 2949 2295 2989 se„:
2327 2940 2420 2977 tum
2450 2937 2585 2978 enim-

511 3025 616 3054 vero
646 3011 841 3052 vicissim
871 3010 1080 3061 futurum,
1110 3013 1160 3050 ut
1191 3009 1354 3065 „Deus
1374 3020 1611 3049 conversus
1642 3007 1698 3048 ad
1727 3007 1925 3048 homines
1955 3007 2150 3049 vivificet
2187 3020 2303 3061 eos.„
2353 3009 2492 3059 Quem
2520 3010 2588 3052 lo-

513 3083 676 3138 quendi
719 3096 886 3124 morem
931 3082 968 3123 si
1011 3082 1157 3122 Lucas
1202 3084 1413 3134 sequutus
1445 3080 1628 3132 dicatur,
1671 3083 1853 3134 apparet
1896 3068 2086 3130 a)'nihil
2114 3080 2323 3134 inpedire,
2355 3082 2586 3135 quominus

513 3155 786 3211 ἐπιστρέψας
832 3154 949 3209 apud
994 3153 1181 3195 eundem
1226 3153 1370 3196 XXII.
1415 3150 1488 3196 32.
1531 3154 1695 3206 pariter
1744 3140 1988 3194 adverbiali
2029 3166 2161 3194 sensu
2204 3146 2457 3207 accipiatur,
2506 3167 2586 3208 pro

512 3229 759 3283 „vicissim„
806 3229 1011 3269 nimirum
1055 3226 1227 3268 reddita
1271 3212 1587 3279 propemodum
1630 3226 1751 3270 vicet
1797 3228 1891 3273 tum
1929 3239 2034 3267 vero
2064 3225 2110 3280 b)
2142 3229 2186 3266 et
2214 3226 2322 3267 illud
2354 3212 2586 3280 colligitur,

509 3301 788 3356 participium
809 3311 1103 3353 „conversus„
1135 3298 1213 3339 ubi
1243 3296 1306 3352 τῷ
1328 3296 1601 3353 ἐπιστρέψας·
1631 3297 1878 3351 respondet,
1899 3297 2029 3339 aliam
2044 3300 2089 3338 in
2108 3297 2342 3352 Scripturis
2365 3299 2587 3339 notionem

510 3373 747 3427 praeferre,
779 3385 913 3427 quam
944 3385 1057 3426 quae
1086 3371 1206 3412 valet
1246 3370 1300 3410 de
1341 3371 1628 3411 conversione
1659 3369 1803 3410 ethica
1832 3382 1885 3410 ac
1914 3369 2084 3413 morali.
2138 3368 2224 3410 Sed
2254 3360 2422 3410 accedit
2443 3369 2509 3413 ΙΙ.
2540 3370 2587 3410 in

510 3445 565 3487 N.
591 3433 763 3499 quoque
784 3445 836 3486 T.
858 3457 947 3486 non
977 3443 1143 3496 deesse,
1175 3443 1252 3483 ubi
1284 3441 1559 3497 ἐπιστρέψας
1588 3454 1688 3482 611111
1716 3441 1804 3482 alio
1835 3448 2077 3482 connexum
2108 3441 2241 3491 verbo
2258 3442 2588 3498 conversionem
2619 3443 2623 3447 '

512 3517 701 3559 ethicam
730 3516 982 3559 nullatenus
1013 3515 1201 3566 denotet,
1245 3518 1288 3555 et
1324 3513 1634 3555 adverbialiter
1675 3514 1819 3567 accipi
1847 3513 2011 3566 pariter
2042 3513 2203 3566 possitz
2236 3513 2448 3554 eiusmodi
2476 3514 2605 3555 haec

512 3593 614 3630 sunt
643 3602 698 3630 ex
726 3589 837 3630 actis
866 3587 1174 3642 Apostolorum
1203 3586 1300 3628 XV.
1332 3584 1405 3630 36.
1440 3585 1792 3641 ἐπιστρέψαντες
1823 3582 1880 3638 δὴ
1913 3575 2259 3633 ἐπισκεψώμεθα
2289 3574 2585 3638 „revertentes

512 3661 765 3714 visitemus„
798 3660 844 3701 id
872 3664 939 3702 est
969 3659 1125 3713 denuo,
1156 3672 1346 3703 rursum.
1365 3658 1494 3709 ‘Quid
1526 3672 1631 3712 ergo
1662 3662 1740 3710 est,
1773 3658 1890 3711 quod
1910 3658 2159 3699 necessario
2180 3657 2359 3710 flagitet,
2390 3661 2440 3698 ut
2467 3647 2611 3710 apud'

512 3732 622 3777 Luc.
655 3732 799 3774 XXII.
829 3730 900 3774 32.
935 3731 1210 3788 ἐπιστρέψας
1240 3728 1453 3786 στήριξον
1493 3729 1548 3771 de
1580 3731 1863 3771 conversione
1899 3729 2087 3770 Simonis
2117 3728 2272 3770 morali
2299 3727 2582 3781 intelligatur,

516 3803 721 3858 quodque
742 3817 921 3859 prorsus
951 3804 1160 3858 inpediat,
1184 3803 1415 3857 quominus
1435 3802 1667 3856 participia
1688 3800 1963 3857 ἐπιστρέψας
1978 3813 2268 3853 „conversus„
2292 3811 2344 3840 60
2365 3811 2451 3852 quo
2472 3798 2582 3839 dixi-

516 3889 612 3917 mus
643 3889 776 3918 sensu
805 3876 1078 3930 explicentur
1107 3875 1381 3917 adverbiali?
1413 3874 1482 3919 Cf.
1515 3875 1569 3916 de
1598 3887 1798 3929 praerog.
1830 3887 1865 3917 s.
1897 3874 1992 3917 Pet.
2022 3873 2051 3914 1.
2085 3886 2122 3914 6.
2155 3885 2191 3912 6.
2225 3868 2296 3914 13.
2345 3911 2349 3914 .

690 3961 723 4016 ¹)
754 3961 867 4005 Vide
897 3962 956 4004 sis
986 3957 1214 4017 superiora
1243 3963 1342 4006 coll.
1389 3975 1459 4016 op.
1507 3961 1560 4002 de
1604 3964 1851 4017 praerogat.
1896 3960 1939 4005 b.
1986 3959 2080 4000 Pet.
2124 3957 2154 4003 1.
2193 3956 2230 4000 Ι.
2264 3969 2303 3999 6.
2333 3954 2375 3999 8.
2405 3968 2478 3996 1111.
2511 3954 2581 4000 64.

516 4047 611 4090 sqq.
641 4034 672 4080 1.
700 4035 758 4078 11.
791 4033 934 4079 6.-12.
