2716 4446
153 347 191 382 S.
207 347 377 379 Basilius.

116 807 240 838 Patres
268 804 415 846 genuine

163 849 341 889 sequendi.

1319 180 1658 236 -X-

453 347 562 383 non
599 329 869 396 insistere,
920 346 1022 390 nec
1074 346 1172 382 sua
1211 329 1480 382 sententia
1516 345 1706 382 vocem
1745 326 1963 382 illorum
2001 327 2264 398 potiorem
2302 325 2546 398 ducere,
2593 338 2600 348 “
2659 322 2663 329 ’

452 441 540 476 res
597 428 680 475 est
734 421 1155 493 reprehensione
1213 421 1394 493 digna,
1451 429 1511 489 ut
1550 421 1641 493 (al.
1679 421 1867 494 atque)
1905 420 2070 492 plena
2117 422 2521 493 arrogantiam„

453 516 816 569 conscientiae
872 515 1006 568 mihi
1043 514 1341 584 duxissem,
1401 516 1448 567 si
1485 534 1583 586 pro
1622 534 1681 568 re
1719 523 1848 569 nata
1884 514 2248 588 facultateque
2287 514 2522 584 aliunde,

453 628 615 681 quam
666 628 737 662 ex
788 608 1028 681 limpidis
1078 609 1475 693 uberrimisque
1508 590 1777 664 Maiorum
1813 609 2092 679 fontibuS,
2107 609 2268 663 huius
2305 611 2524 692 provin-

453 705 567 757 ciae
607 722 859 775 campum
895 705 1123 775 irrigare
1164 703 1511 759 studuissem,
1576 703 1976 758 Saluberrimas
2012 705 2196 776 itaque
2235 704 2523 776 antiquita—

454 800 522 853 tis
562 798 968 853 ecclesiasticae
1026 817 1197 870 aquas
1254 797 1490 852 deduxi.
1545 806 1604 852 et
1654 817 1747 852 eas
1799 799 2019 872 quidem
2059 799 2408 868 sufficientes,
2446 799 2528 854 uti

452 892 712 962 arbitror3
771 894 891 965 quis
949 893 1092 947 enim
1148 892 1388 947 haurire·
1422 892 1544 947 illas
1602 876 1789 948 omnes
1838 893 2084 970 ⁴valeret?
2139 892 2249 948 Sed
2285 912 2355 947 ne
2394 894 2527 966 quid

452 989 618 1044 alieni
669 988 862 1042 iisdem
913 988 1320 1057 admisceretur,
1373 989 1693 1060 purissimas
1743 989 1892 1060 ipsas
1931 1007 2005 1043 ex
2042 989 2155 1042 suis
2192 987 2432 1043 fontibus
2468 989 2527 1059 in

451 1083 633 1137 varias
670 1090 852 1154 partes
890 1100 1040 1136 meas
1079 1100 1287 1150 omnes;
1312 1100 1419 1154 quo
1439 1077 1565 1136 ¹fieri
1590 1082 1648 1136 id
1673 1082 1869 1137 melius
1896 1083 2187 1153 videretur,
2221 1090 2347 1155 apte
2373 1082 2526 1138 didu-
2607 1096 2612 1106 ‘

452 1177 654 1230 cendas
694 1177 899 1231 curavi.
936 1174 1087 1229 Nihil
1125 1176 1270 1230 enim
1307 1176 1411 1230 hac
1450 1177 1507 1230 in
1550 1195 1610 1230 re
1648 1177 2025 1249 periculosius,
2048 1181 2228 1250 quam,
2267 1178 2396 1233 dum
2433 1164 2527 1232 ex-

450 1291 655 1345 ponere
695 1273 969 1327 doctrinas
1005 1271 1268 1326 Veterum
1306 1273 1634 1344 praetendis,
1657 1274 1989 1345 tuasvipsius
2030 1274 2324 1327 sententias
2362 1271 2526 1345 adpo-

452 1387 613 1438 nere3
654 1376 708 1422 et
746 1367 817 1421 ad
853 1376 1066 1439 turpem
1107 1386 1280 1439 aeque
1320 1386 1386 1420 ac
1422 1361 1787 1439 perniciosam
1837 1386 1935 1439 pro
1981 1369 2063 1422 rei
2099 1369 2368 1439 gravitate
2405 1367 2527 1422 illu-

455 1464 663 1516 sionem
717 1469 891 1516 totum
948 1470 1320 1533 comparatum
1375 1470 1535 1531 esset,
1593 1449 1642 1515 si
1697 1463 1819 1534 quis
1875 1480 2045 1531 suam,
2103 1481 2266 1535 quam
2312 1470 2542 1532 vocant,

451 1556 817 1612 'subiectivam
868 1565 923 1612 et
972 1559 1151 1612 animo
1203 1567 1658 1630 praeconceptam
1709 1559 2022 1630 opinionem
2071 1558 2129 1612 in
2164 1559 2286 1630 ipsa
2322 1557 2530 1613 illatam

453 1660 804 1707 monumenta
840 1643 1193 1724 produceret,
1232 1653 1543 1707 nullatenus
1569 1671 1699 1707 vero
1728 1652 2056 1707 obiectivam
2083 1653 2530 1726 documentisque

455 1748 901 1819 comprehensam
957 1767 1139 1802 rerum
1184 1740 1483 1803 ¹veritatem
1545 1749 1877 1820 exprimeret
1938 1767 2366 1820 expressamque
2426 1749 2543 1805 rite.

453 1843 801 1914 patefaceret.
839 1843 1002 1912 Hinc,
1043 1842 1188 1915 quod
1225 1843 1371 1915 apud
1409 1860 1607 1914 graves
1645 1862 1710 1896 ac
1736 1842 2356 1917 celebresscientiarum
2391 1850 2529 1897 trac-

455 1946 658 1993 tatores
713 1938 771 1991 in
826 1956 976 1991 more
1035 1956 1249 2010 semper
1305 1940 1543 2010 positum
1599 1945 1729 2007 erat,
1768 1938 1919 2009 ipsos
1957 1938 2027 1992 ad
2062 1948 2179 1992 rem
2215 1937 2531 1992 induximus
2566 1968 2575 1975 ·

453 2033 685 2088 Veteres
722 2034 837 2099 ⁴suis
875 2033 1161 2104 loquentes
1199 2032 1381 2099 verbis
1423 2040 1477 2085 et
1525 2033 1593 2086 iis
1633 2034 1796 2088 etiam
1851 2031 2258 2105 prolixioribus,
2310 2032 2528 2104 quando
2558 2062 2562 2069 ·

453 2128 509 2182 id
549 2127 856 2182 consultum
911 2126 1227 2198 videbatur3
1292 2128 1693 2182 commentariis
1754 2127 1972 2182 illorum
2033 2127 2196 2197 dicta,
2257 2125 2352 2181 ubi
2415 2133 2532 2182 erat

410 2231 837 2295 .'opportunum,
888 2223 1276 2293 instruximus3
1327 2230 1493 2295 atque
1530 2223 1609 2277 ita
1657 2224 1994 2295 propositam
2030 2241 2251 2281 causam
2289 2223 2529 2278 adserui-

454 2338 593 2388 mus,
610 2318 615 2321 ’
631 2317 1041 2388 illustravimus,
1080 2318 1539 2375 confirmavimus,
1578 2319 1762 2387 Quare
1789 2320 1836 2373 si
1861 2319 2099 2391 cuipiam
2131 2318 2322 2390 gravia
2346 2317 2532 2391 aliqua
2556 2362 2563 2365 μ

453 2404 814 2483 viderentur,
840 2414 887 2466 si
935 2412 1167 2468 molesta
1222 2406 1538 2468 acciderent
1598 2422 1761 2486 atque
1825 2432 2045 2468 severa:
2109 2420 2312 2483 nostra,
2376 2414 2528 2483 sciat,
2604 2423 2608 2425 ’
2676 2423 2691 2443 ’*

383 2511 390 2518 “
458 2524 524 2561 ea
583 2514 695 2561 non
759 2516 900 2577 sunt,
966 2507 1064 2562 sed
1113 2507 1412 2578 Maiorum3
1471 2508 1667 2580 quodsi
1716 2508 1917 2562 tradita
1970 2502 2033 2562 'et
2093 2514 2335 2580 accepta,
2397 2526 2531 2565 vera

124 2802 241 2840 carol.
265 2805 423 2839 Rom-om.

226 3710 324 3744 Urbs.

459 2611 613 2672 sunt3
651 2610 766 2656 tum
805 2602 875 2656 ad
900 2602 1288 2657 vindicandam
1325 2602 1614 2656 ecclesiam
1649 2601 1855 2672 „Urbis
1880 2602 1922 2674 1)
1959 2601 2108 2656 illius
2135 2610 2276 2672 sunt,
2314 2610 2375 2657 ut
2409 2622 2529 2659 ver-

457 2697 544 2751 bis
584 2697 757 2751 sancti
795 2696 981 2752 Caroli
1018 2679 1440 2752 mediolanensis
1478 2696 1875 2769 archiepiscopi
1897 2697 1942 2769 ⁹)
1979 2704 2211 2765 utamur,
2257 2699 2531 2769 mysteriis

461 2793 738 2864 sacrisque
794 2792 1157 2846 monumentis
1207 2793 1517 2863 insignitae,
1571 2790 1938 2863 singularibus
1994 2790 2275 2846 beneficiis
2320 2811 2355 2846 a
2407 2791 2529 2846 Deo

460 2886 783 2956 cumulatae,
834 2905 958 2940 cum
1006 2887 1064 2939 in
1113 2905 1180 2941 ea
1217 2888 1393 2941 sancti
1447 2886 1594 2942 Petri
1649 2885 1961 2940 cathedram
2014 2892 2278 2958 perpetuo
2333 2885 2531 2956 fixerit,

459 2981 802 3036 infallibilem
852 2981 981 3035 fidei
1030 2981 1330 3036 catholicae
1368 2984 1672 3050 veritatem,
1710 2968 2033 3052 disciplinae
2070 2999 2136 3035 ac
2172 3000 2383 3036 morum
2419 3000 2530 3036 ma-

460 3077 745 3147 gisterium
783 3075 1194 3146 collocaverit‚,:‘
1251 3084 1377 3131 sunt
1430 3076 1529 3131 illa
1582 3076 1665 3130 ad·-
1708 3085 1873 3149 caput
1907 3075 2005 3147 rei,
2045 3074 2272 3144 scilicet,
2310 3082 2372 3130 ut
2399 3092 2532 3137 ,cum

462 3169 654 3224 eodem
697 3169 996 3240 absolvam,
1037 3170 1108 3224 ad
1145 3163 1502 3224 adserendam
1539 3168 2171 3240 „SanctamRomanam
2206 3168 2530 3240 Ecclesiam,

462 3282 602 3340 quae
658 3261 898 3319 omnium
946 3262 1124 3319 Mater
1179 3254 1276 3335 est,
1334 3264 1706 3337 singularique
1762 3263 2023 3337 obsequio
2079 3262 2150 3319 ab
2205 3252 2532 3336 unoquoque

638 3557 672 3615 ¹)
702 3559 846 3616 Epist.
876 3559 936 3602 ad
965 3572 1089 3615 greg.
1121 3558 1211 3604 dat.
1241 3557 1371 3605 1576.
1402 3559 1458 3603 de
1489 3572 1578 3615 qua
1604 3558 1707 3602 vide
1735 3557 1888 3614 Magn.
1918 3555 2084 3600 Bullar.
2118 3567 2228 3600 rom.
2247 3558 2280 3598 t.
2301 3551 2373 3599 18.
2393 3567 2437 3611 p.
2458 3551 2534 3599 85.
2544 3551 2549 3554 ’

463 3632 511 3674 in
541 3645 611 3689 ep.
645 3633 856 3687 encyclio.
886 3633 1115 3677 Benedict.
1145 3632 1266 3678 XIV
1297 3646 1369 3678 an.
1402 3630 1529 3676 1749.

637 3702 674 3759 ²)
705 3705 904 3747 Eandem
945 3718 1075 3760 porro
1115 3704 1347 3747 describit:
1389 3704 1543 3758 „Haec
1583 3702 1757 3758 quidem
1796 3701 1914 3746 Urbs
1957 3704 2037 3754 est,
2069 3700 2192 3742 cuius
2221 3680 2365 3750 tellus,
2404 3697 2533 3749 muri,
2615 3687 2629 3707 '⁵

464 3788 581 3829 arae,
613 3776 839 3830 ecclesiae,
885 3781 1128 3832 martyrum
1171 3777 1385 3832 sepulcra,
1431 3780 1475 3818 et
1515 3774 1744 3830 quidquid
1759 3773 1896 3816 oculis
1926 3771 2195 3824 obversatur,
2225 3781 2398 3812 sacrum
2428 3768 2534 3824 quid

465 3849 623 3891 animis
652 3850 827 3905 ingerit,
857 3855 907 3892 ut
935 3851 968 3891 ii
998 3851 1281 3905 experiuntur
1324 3863 1378 3892 ac
1423 3850 1628 3901 sentiunt,
1671 3848 1748 3902 qui
1776 3847 1860 3888 rite
1890 3843 2130 3899 comparati
2158 3854 2306 3884 sacros
2333 3841 2437 3883 illos
2464 3853 2533 3883 re·

466 3933 614 3963 cessus
642 3922 880 3976 invisunt„
928 3921 1073 3974 Quae
1095 3936 1123 3965 a
1164 3923 1348 3964 veritate
1394 3934 1475 3963 sua
1518 3920 1630 3962 nihil
1672 3918 1730 3962 ad
1775 3917 1891 3960 diem
1919 3928 2060 3972 usque
2089 3913 2347 3998 hodiernam
2372 3912 2527 3971 deper-

466 3990 680 4038 diderunt.
708 3992 838 4036 Unde
867 3994 989 4037 Deus
1019 3995 1141 4039 illam
1170 4007 1288 4038 nunc
1317 3993 1527 4051 sospitem
1554 3992 1683 4037 velit!
