2716 4446
145 356 336 412 missos
374 353 835 425 adhaerentesque
875 348 980 405 sibi
1016 349 1093 404 ita
1130 347 1297 403 habet
1332 346 1648 419 morigerOS‚
1687 351 1748 400 ut
1786 362 1974 400 eorum
2014 339 2215 412 nullm,

146 452 239 523 qui
277 450 469 522 spiritu
505 448 614 501 Dei
651 454 868 519 agatur,
926 451 1114 499 contra
1169 444 1343 515 ipsius
1395 443 1513 496 sive
1563 440 1821 495 mandata
1868 438 1984 492 sive
2023 428 2213 491 'horta-

143 553 327 598 menta
388 542 664 616 quidpiam
720 540 810 595 vel
856 539 1116 611 suscipiat
1188 537 1278 592 vel
1353 543 1620 608 operetur.
1714 535 1816 588 Est
1890 532 2035 587 enim
2087 549 2212 585 auc-

141 644 257 691 tore
282 637 324 709 1)
380 637 604 691 Petavio
669 636 1033 707 episcopatuS,
1098 651 1253 687 secus
1317 650 1381 685 ac
1453 630 1689 685 catharis
1734 630 1914 683 visum
1951 627 2054 681 fuit
2093 626 2210 687 sive

141 731 425 802 puritanis‚
482 736 596 783 tum
625 730 771 800 .ipsa
810 748 908 782 sua
957 728 1294 782 institutione
1352 733 1464 779 tum
1498 726 1753 779 continuo
1792 723 1919 776 inde
1957 721 2027 776 ab
2065 720 2212 791 Apo-

142 821 294 877 stolis
331 823 448 875 iure
486 840 551 876 ac
587 841 692 876 usu
727 841 837 876 non
874 829 1082 876 tantum
1119 839 1343 890 munus,
1385 838 1487 874 nec
1532 837 1668 890 opus
1707 817 1865 871 modo
1906 835 1970 870 ac
2008 814 2214 869 curatio

142 915 423 987 quaedam,
464 915 560 968 sed
597 922 680 968 est
716 917 1035 969 verissimus
1074 916 1228 986 isque
1256 913 1553 986 spiritualis
1579 932 1643 966 ac
1671 931 1824 966 sacer
1849 912 2215 982 magistratu5‚

142 1018 196 1063 et
248 1008 421 1062 honor
476 1015 530 1062 et
583 1015 842 1080 potestas.
918 1009 1100 1081 Atque
1162 1009 1247 1061 his
1303 1008 1390 1071 fit,
1453 1016 1514 1062 ut
1574 1006 1810 1061 ecclesia
1869 1004 2216 1079 particularis

141 1104 361 1158 sistatur
396 1111 656 1175 tanquam
694 1103 885 1158 domus
924 1123 1047 1172 una,
1087 1123 1198 1157 una
1223 1103 1445 1166 familia,
1483 1121 1700 1175 unaque
1746 1102 2006 1156 dominici
2032 1102 2215 1172 gregis

138 1199 336 1271 portic,
394 1215 560 1270 quum
611 1215 682 1250 ex
731 1196 921 1251 habitu
957 1196 1201 1250 fidelium
1241 1196 1311 1250 ad
1349 1197 1669 1267 episcopum
1707 1196 1888 1249 unitas
1926 1196 1984 1249 in
2023 1195 2215 1249 eadem

141 1294 450 1364 compareat
488 1291 559 1346 ad
595 1292 861 1346 unitatem
900 1309 1163 1363 expressa
1202 1290 1394 1345 domus
1432 1289 1672 1345 familiae
1712 1298 1768 1344 et
1804 1290 2005 1363 gregiS.

976 1545 1264 1604 CAPUT
1323 1541 1395 1601 H.

138 1716 458 1766 Πολιτεία
496 1713 940 1785 unitatisque
978 1711 1262 1767 habitus
1300 1712 1612 1785 plurium
1650 1712 1959 1768 invicem
2000 1712 2214 1767 eccle-

729 1807 993 1862 siarum
1041 1806 1618 1880 particularium.

311 1967 398 2024 52.
425 1968 516 2022 Ex
536 1968 804 2023 eiusmodi
822 1987 983 2041 porro
1003 1968 1270 2038 domibus„
1299 1968 1534 2038 familiis,
1562 1969 1839 2042 gregibUS,
1867 1969 2135 2024 conflatur
2159 1971 2217 2024 in

137 2068 297 2121 terris
334 2085 398 2120 ac
443 2071 654 2119 constat
695 2065 918 2133 civitas,
957 2083 1187 2136 regnum
1223 2071 1504 2138 totumque
1542 2065 1650 2119 Dei
1689 2064 1863 2134 ovile,
1904 2066 2002 2119 sed
2040 2084 2112 2119 ex
2147 2066 2215 2120 iis

136 2179 352 2214 rursum
410 2160 552 2214 inter
608 2178 665 2213 se
725 2159 912 2214 ordine
975 2160 1198 2228 vinctiS,
1262 2169 1426 2232 atque
1491 2161 1549 2214 in
1610 2161 1844 2214 maiores
1906 2162 2215 2216 minoresve

134 2256 403 2326 regiones,
441 2256 751 2328 provincias
790 2255 1177 2327 portionesque
1217 2273 1446 2326 gregum
1483 2256 1720 2310 invicem
1752 2256 1966 2312 iunctiS.

137 2551 433 2593 testamentis:
486 2549 541 2591 X.
574 2550 628 2592 de
657 2549 958 2591 haereditate:
1005 2548 1083 2592 XI.
1127 2550 1182 2591 de
1213 2551 1432 2604 emptione
1463 2553 1506 2591 et
1535 2549 1811 2593 venditione:
1843 2551 1947 2604 XII.
1979 2552 2032 2594 de
2062 2557 2215 2596 mutuo

139 2627 183 2666 et
213 2624 518 2666 commodato:
548 2623 672 2665 XIII.
705 2623 758 2665 de
779 2624 987 2678 pignore:
1020 2623 1141 2666 XIV.
1173 2623 1227 2665 de
1251 2624 1498 2666 turbatione
1521 2625 1615 2666 sive
1636 2625 1940 2667 vicissitudine
1970 2629 2215 2680 temporum

139 2697 231 2739 sive
260 2697 572 2751 impedimento
617 2710 723 2738 usus
768 2710 942 2738 rerum:
990 2696 1088 2740 XV.
1138 2697 1191 2738 de
1214 2707 1476 2740 consensu:
1521 2696 1643 2741 XVI.
1677 2698 1730 2739 de
1760 2698 2046 2741 translatione
2075 2701 2214 2742 iuris:

140 2769 282 2813 XVII.
315 2770 369 2811 de
398 2769 703 2813 fideiussione:
735 2770 901 2813 XVIII.
941 2769 997 2810 de
1033 2770 1268 2812 societate:
1300 2769 1421 2810 XIX.
1445 2770 1498 2811 de
1517 2770 1680 2813 tutela:
1711 2770 1809 2811 XX.
1841 2771 1894 2812 de
1917 2771 2215 2813 confessione:

140 2841 262 2885 XXI.
295 2842 350 2883 de
381 2841 602 2895 deposito:
634 2842 779 2882 XXII.
813 2842 866 2883 de
898 2843 1151 2884 usufructu:
1184 2842 1353 2886 XXIII.
1386 2843 1440 2884 de
1471 2843 1730 2887 donatione:
1761 2843 1924 2886 XXIV.
1958 2845 2012 2886 de
2042 2845 2212 2899 legato:

140 2913 280 2955 XXV.
312 2912 366 2954 de
399 2926 557 2955 censu:
589 2914 750 2955 XXVI.
785 2914 838 2956 de
868 2919 1139 2956 mercatura:
1172 2915 1359 2959 XXVII.
1382 2916 1437 2957 de
1456 2916 1734 2970 irrigatione:
1767 2917 1976 2961 XXVIII.
2009 2918 2063 2959 de
2096 2917 2217 2959 cultu

139 2987 282 3025 terrae
312 2984 531 3026 desertae:
574 2986 739 3030 XXIX.
781 2988 833 3028 de
879 2989 1149 3029 mercenaria
1179 2988 1492 3032 conductione:
1540 2989 1682 3032 XXX.
1715 2989 1769 3030 (16
1801 2991 2013 3031 inventis:
2047 2990 2213 3033 XXXI.

144 3054 198 3095 de
220 3068 451 3108 puerorum
474 3059 766 3110 proiectorum
786 3060 1060 3101 inventione:
1084 3060 1271 3104 XXXII.
1294 3062 1347 3102 de
1367 3062 1708 3102 manumissione
1730 3074 1978 3102 servorum:
2002 3061 2213 3105 XXXIII.

144 3124 197 3166 (16
227 3129 375 3180 raptu:
422 3127 625 3173 XXXIV.
669 3129 724 3171 de
769 3131 1038 3173 facinoribus
1079 3133 1311 3187 gravibus:
1358 3133 1543 3178 XXXV.
1577 3134 1630 3175 de
1661 3135 1846 3176 macello
1878 3139 1921 3176 et
1950 3136 2213 3176 venatione:

144 3195 348 3240 XXXVI.
380 3197 433 3239 de
463 3199 739 3243 iuramentis:
773 3203 1002 3247 XXXVII.
1040 3204 1093 3245 de
1124 3206 1262 3246 votis:
1305 3205 1555 3247 XXXVIII.
1590 3206 1644 3247 de
1674 3207 1874 3250 iudiciis:
1915 3207 2124 3248 XXXIX.
2160 3207 2214 3248 de

143 3269 425 3311 testimoniis:
457 3271 553 3315 XL.
586 3272 639 3314 de
671 3275 828 3316 causis.
860 3299 916 3306 —
946 3276 1141 3329 Explicit
1180 3290 1388 3319 numerus
1430 3279 1637 3333 capitum,
1684 3292 1795 3333 quae
1827 3281 2102 3321 continentur
2131 3279 2214 3320 hoc

143 3339 255 3380 libro
286 3340 615 3396 directionum.„
648 3343 784 3398 Atqui
811 3359 939 3387 nemo
968 3360 1058 3388 non
1088 3348 1220 3400 videt,
1253 3349 1515 3391 directiones
1551 3350 1631 3392 has
1676 3352 1843 3392 ambitu
1873 3365 1953 3393 suo
1984 3353 2214 3406 complecti

142 3412 395 3454 universum
434 3427 570 3468 prope
616 3415 903 3459 humanarum
943 3433 1090 3461 rerum
1131 3423 1452 3464 commercium.
1494 3423 1554 3464 Et
1590 3423 1647 3464 ad
1687 3423 1803 3465 idem
1833 3424 2068 3478 pertinent,
2100 3438 2211 3478 quae

143 3483 303 3524 ibidem
333 3497 406 3538 pp.
438 3482 539 3529 269.
571 3499 667 3540 sqq.
702 3489 912 3531 ecelesiae
943 3493 1222 3533 armeniacae
1254 3494 1492 3535 canonibus
1524 3494 1710 3547 selectis,
1748 3496 1909 3549 partim
1949 3496 2006 3537 ad
2036 3509 2070 3539 s.
2102 3496 2210 3538 Gre-

145 3555 315 3608 gorium
345 3556 682 3600 illuminatorem
714 3562 880 3603 saeculi
908 3563 1041 3605 medii
1069 3565 1187 3605 tertii
1218 3567 1566 3619 assurgentibus,
1614 3569 1905 3613 continentur.
1951 3568 2130 3611 Scilicet
2159 3570 2216 3612 ad

143 3627 227 3668 hoc
256 3632 306 3669 ut
341 3629 565 3672 hominum
597 3635 905 3675 commercium
937 3635 1220 3677 christianum
1250 3636 1326 3678 fiat
1357 3641 1400 3678 et
1431 3639 1502 3690 sit,
1548 3639 1846 3682 ecclesiastico
1876 3641 1970 3683 iure
1998 3643 2214 3697 praecipi-

142 3702 243 3758 tur.»
262 3701 501 3756 episcopali
531 3716 711 3745 munere
743 3705 942 3748 efficitur.
976 3707 1072 3757 Quo
1102 3709 1324 3761 pertinent
1352 3710 1516 3763 pariter
1557 3712 1748 3765 capitula
1778 3716 1821 3753 et
1851 3726 2040 3755 canones
2073 3716 2212 3757 eccle-

143 3772 234 3814 siae
264 3774 455 3819 antioch.
490 3788 628 3828 syror.
663 3789 733 3830 ap.
763 3778 855 3819 Mai
884 3778 914 3822 l.
949 3793 986 3822 6.
1019 3794 1062 3833 p.
1109 3780 1168 3823 II.
1211 3794 1284 3835 pp.
1316 3779 1357 3823 3.
1390 3794 1485 3836 sqq.
1517 3786 1562 3824 et
1590 3784 1707 3837 apud
1738 3785 1926 3826 eundem
1956 3786 2011 3827 N.
2043 3786 2131 3829 ΡΡ.
2162 3788 2214 3829 Β·

141 3856 186 3897 p.
214 3844 299 3891 111.
331 3845 388 3887 ad
417 3846 571 3891 Boniz.
604 3850 742 3903 praef.
774 3863 849 3904 pp.
881 3851 935 3893 V.
969 3864 1035 3905 sq.
1068 3853 1217 3905 partit.
1251 3866 1318 3907 op.
1354 3867 1509 3899 canon.
1541 3868 1577 3896 s.
1608 3855 1803 3899 Anselm.
1833 3857 2000 3901 lucenS.

142 3985 175 4031 1,
203 3985 241 4033 L
317 3915 450 4035 1)4.])6
495 3920 653 3966 eccles.
700 3921 916 3967 hierarch.
960 3923 990 3967 1.
1032 3923 1116 3969 ΙΙΙ.
1161 3937 1199 3969 6.
1239 3923 1282 3972 8.
1321 3939 1395 3968 nn.
1434 3925 1478 3973 3.
1525 3940 1622 3984 sqq.
1655 3928 1756 3975 coll.
1787 3929 2023 3976 dissertatt.
2056 3931 2212 3976 eccles.

271 4001 310 4031 6.

2312 640 2491 675 Pacuvius.
