2716 4446
1041 180 1388 249 -149—

116 400 118 403 f
180 333 292 392 siae
328 334 571 391 membra
607 342 875 399 tenentur,
913 333 1085 389 veluti
1111 352 1235 388 cum
1273 332 1413 387 thesi
1451 332 1769 404 hypothesis
1809 338 1972 404 atque
2012 326 2250 387 conditio

178 430 451 486 indivulso
489 449 638 484 nexu
675 430 978 484 cohaereat.

355 523 475 576 157.
513 523 587 578 Et
623 542 770 593 sane,
809 523 913 578 hoc
950 522 1160 594 flagitat
1197 523 1415 576 omnino
1455 529 1509 575 et
1547 521 1718 593 exigit

713 719 756 763 3.
787 719 940 761 titulus
971 719 1245 773 ontologicus
1275 720 1477 774 propriae
1508 721 1702 770 naturae,

177 895 286 949 qua
321 876 514 930 Petrus
571 894 694 928 cum
752 876 1157 930 successoribus
1215 878 1328 930 suis
1366 896 1495 931 vere
1535 884 1618 930 est
1658 882 1876 947 „petra„
1920 874 2185 929 ecclesiae
2211 873 2250 945 ¹)
2290 850 2598 930 &micanum

174 970 316 1042 lapis
354 970 609 1023 nimirum
649 968 1088 1038 fundamentaliS,
1143 970 1231 1022 cui
1282 969 1530 1022 innixum
1569 969 1904 1023 credentium
1944 969 2251 1022 aedificium

176 1084 241 1118 ac
279 1064 471 1118 domus
509 1063 619 1117 Dei
656 1082 766 1116 non
805 1061 1081 1118 dilabitur.
1121 1062 1226 1115 Est
1263 1081 1391 1133 ergo
1432 1062 1655 1116 illabilis
1693 1062 1804 1131 ille,
1844 1063 2099 1134 idemque
2137 1060 2251 1116 illa-

176 1158 304 1213 bilis
344 1160 401 1211 in
440 1156 689 1211 omnibus
727 1157 796 1209 iis
835 1163 890 1209 et
929 1174 990 1209 eo
1027 1174 1199 1227 usque
1237 1156 1496 1226 persistit,
1536 1156 1587 1208 in
1631 1155 1828 1226 quibus
1867 1164 1921 1209 et
1971 1176 2251 1230 quousque

176 1253 394 1306 omnino
446 1250 752 1304 aedificium
809 1249 946 1303 illud
989 1258 1131 1303 stare
1173 1268 1237 1302 ac
1274 1251 1566 1320 persistere
1606 1249 1783 1318 debet,
1822 1257 1883 1302 ut
1907 1250 2016 1303 Dei
2059 1251 2251 1304 domus

173 1345 416 1416 perfecta
471 1351 524 1397 et
579 1343 885 1398 aedificatio
926 1362 998 1396 ex
1038 1341 1242 1396 Christi
1278 1341 1539 1396 membris
1579 1341 1830 1396 absoluta
1869 1344 1951 1399 sit.
1990 1344 2248 1399 Jamvero

173 1438 308 1492 fides
325 1438 370 1509 ⁹)
427 1445 510 1491 est
565 1439 742 1508 prima
797 1446 959 1509 atque
1015 1438 1301 1508 potissima
1338 1437 1592 1506 conditiO,
1645 1444 1705 1490 ut
1742 1439 1982 1490 construi
2020 1437 2254 1492 ecclesia

175 1540 228 1586 et
263 1531 541 1585 aedificari
579 1540 770 1604 queat:
808 1532 914 1586 fide
956 1533 1050 1604 qui
1090 1532 1292 1585 Christi
1332 1539 1457 1585 sunt
1507 1530 1576 1584 ab
1615 1532 1683 1584 iis
1722 1531 2119 1602 discernuntur,
2159 1534 2253 1604 qui

172 1643 281 1678 non
320 1632 444 1679 sunt
480 1625 625 1679 eius:
664 1625 799 1680 fides
839 1635 922 1680 est
959 1626 1157 1697 lapidis
1195 1628 1368 1679 instar
1403 1625 1554 1697 lydii,
1598 1643 1703 1697 quo
1730 1624 1974 1679 membra
2011 1628 2252 1698 corporis

175 1717 380 1772 Christi
416 1720 635 1792 mystici
674 1719 742 1773 ab
781 1720 849 1772 iis
887 1721 1136 1791 inprimis
1200 1720 1601 1790 disiunguntur,
1662 1720 1756 1790 qui
1806 1739 1839 1772 a
1883 1719 2070 1773 divina
2109 1739 2248 1773 com-

171 1832 313 1886 page
351 1813 528 1869 avulsi
565 1816 623 1868 in
659 1815 960 1886 perniciem
997 1816 1273 1886 animique
1311 1814 1588 1868 interitum
1625 1822 1803 1868 ruunt.
1862 1814 2030 1869 Prout
2084 1816 2253 1886 igitur

345 2105 378 2160 ¹)
408 2106 534 2148 Haec
565 2110 631 2148 est
659 2107 783 2159 ratio,
816 2107 870 2148 ob
903 2120 1034 2161 quam
1074 2107 1263 2149 Maiores
1304 2121 1412 2150 voce
1443 2108 1613 2164 πέτρας
1643 2107 1797 2149 Matth.
1831 2107 1948 2150 XVI.
1982 2104 2051 2149 18.
2083 2105 2246 2162 signifi·
2263 2108 2390 2144 Matth.
2428 2108 2526 2144 XVI.
2558 2110 2609 2142 18·

173 2183 315 2221 catam
345 2179 524 2221 voluere
553 2179 656 2220 fidei
685 2179 1001 2232 professionem
1032 2193 1060 2220 a
1089 2179 1210 2220 Petri
1240 2193 1314 2221 ore
1344 2180 1586 2233 profectam
1617 2183 1749 2233 atque
1779 2179 2073 2234 repetendam.
2120 2179 2247 2229 Quod
2262 2182 2371 2214 Fides
2399 2183 2495 2233 Pqtri
2523 2191 2611 2223 eym-

171 2252 348 2307 quidem
378 2264 466 2292 non
495 2251 639 2292 minus
669 2265 773 2292 vere
805 2264 936 2304 quam
968 2251 1308 2305 συστηματικῶς
1348 2251 1512 2293 dietum
1550 2252 1700 2304 fuisse,
1733 2251 2001 2293 ostendimus
2033 2251 2144 2292 libro
2175 2265 2246 2292 su·
2374 2226 2497 2257 bozzca.

166 2324 327 2378 periori
358 2336 396 2366 c.
428 2322 510 2368 IV.
539 2321 651 2363 Nam
685 2335 819 2376 quum
866 2322 952 2363 duo
992 2323 1045 2364 de
1086 2323 1162 2364 illa
1205 2322 1368 2364 Christi
1407 2323 1587 2364 Domini
1631 2324 1852 2364 sententia
1885 2324 2033 2377 quaeri
2065 2325 2247 2377 possint,

167 2397 353 2438 alterum
383 2409 487 2436 num
515 2396 563 2436 in
592 2400 778 2449 utroque
808 2397 948 2437 inciso
979 2396 1096 2437 idem
1126 2396 1374 2437 subiectum
1404 2397 1587 2437 vocibus
1617 2396 1738 2437 Petri
1767 2409 1820 2437 ac
1849 2400 1999 2450 petrae
2031 2396 2248 2450 significe-

166 2471 251 2520 tur,
284 2466 400 2521 quod
431 2466 609 2521 quidem
638 2468 814 2508 nonnisi
843 2468 1147 2522 praeiudicata
1176 2469 1426 2522 pervicacia
1455 2468 1502 2508 in
1527 2468 1708 2509 dubium
1738 2472 1944 2519 vocatur3
1978 2472 2020 2509 et
2049 2468 2248 2522 alterum,

168 2539 375 2595 quidnam
404 2538 515 2580 illud
545 2539 612 2592 sit,
646 2553 732 2593 quo
765 2540 925 2581 Petrus
957 2544 1024 2582 est
1052 2545 1191 2595 petra,
1234 2540 1566 2582 fundamentum
1608 2554 1660 2582 ac
1690 2541 1811 2583 basis
1843 2542 1998 2583 domus
2030 2542 2139 2584 Deiz
2170 2555 2248 2595 po-

166 2616 375 2654 stremum
414 2611 498 2653 hoc
542 2612 738 2666 profecto
779 2626 806 2653 a
845 2613 1041 2654 veritatis
1079 2613 1301 2655 revelatae
1342 2613 1614 2667 professione
1645 2627 1698 2654 ac
1728 2613 1814 2655 fide
1845 2627 1934 2655 non
1965 2613 2122 2665 differt,
2155 2614 2249 2654 sine

168 2697 256 2739 qua
300 2684 556 2738 inpossibile
588 2688 654 2726 est
681 2685 858 2740 placere
887 2686 998 2738 Deo,
1029 2699 1108 2740 per
1139 2699 1271 2740 quam
1309 2686 1438 2727 datur
1478 2699 1571 2727 sors
1603 2686 1716 2727 inter
1747 2691 1921 2727 sanctos
1953 2687 2052 2739 Dei,
2083 2686 2130 2726 in
2161 2699 2248 2740 qua

163 2760 377 2798 vocantur
409 2756 484 2810 qui
529 2756 761 2798 eeclesiam
793 2761 1070 2811 componunt,
1104 2771 1191 2811 qua
1232 2758 1403 2812 corpori
1435 2757 1610 2798 Christo
1656 2757 1865 2811 adscripti
1894 2758 2100 2810 vivimus,
2132 2758 2249 2800 Hinc

163 2832 291 2883 petra
321 2828 510 2870 civitatis
543 2840 597 2869 ac
627 2828 782 2870 domus
814 2829 912 2881 Dei,
945 2842 1057 2882 quae
1090 2833 1159 2870 est
1189 2829 1378 2870 ecclesia
1409 2828 1585 2881 Christi,
1625 2834 1750 2883 petra
1778 2830 1928 2870 itidem
1960 2829 2063 2871 fidei
2092 2834 2170 2883 est,
2203 2835 2246 2871 et

165 2901 259 2942 eius
291 2901 466 2956 quidem
511 2902 626 2954 fidei,
674 2914 785 2956 quae
829 2914 917 2942 non
965 2900 1095 2942 corde
1141 2901 1282 2942 solum
1327 2901 1526 2942 foveatur
1571 2901 1628 2942 ad
1657 2902 1883 2954 iustitiam,
1916 2902 1994 2943 sed
2026 2916 2139 2956 quae
2171 2917 2246 2945 ore

167 2974 299 3015 etiam
328 2978 597 3029 proponatur
626 2973 683 3015 ad
714 2973 915 3026 salutem,
949 2986 1061 3027 quae
1093 2977 1160 3014 est
1189 2973 1297 3014 fides
1337 2973 1592 3027 symbolica.
1623 2973 1759 3027 Atqui
1789 2973 1843 3015 de
1873 2974 2004 3015 Petro
2036 2975 2166 3028 valet,
2197 2980 2247 3016 ut

165 3046 223 3086 sit
250 3051 375 3100 petra
404 3047 558 3088 domus
589 3047 694 3097 Dei;
742 3046 795 3087 de
844 3046 997 3087 eodem
1043 3059 1147 3100 ergo
1193 3046 1325 3098 valet,
1372 3050 1420 3086 ut
1459 3045 1562 3086 fidei
1590 3050 1717 3099 petra
1745 3047 1814 3097 sit,
1846 3050 1890 3086 et
1918 3046 2093 3099 quidem
2122 3051 2247 3101 petra

167 3117 269 3160 fidei
298 3119 582 3172 symbolicae.
613 3119 747 3160 Fides
779 3131 883 3172 ergo
915 3131 1047 3172 quam
1077 3117 1304 3172 profitetur
1334 3118 1506 3170 Petrus,
1536 3119 1599 3159 ita
1629 3118 1746 3158 basis
1778 3118 1853 3158 illa
1882 3122 1960 3169 est,
1995 3119 2065 3159 cui
2096 3119 2243 3160 aedifi-

167 3190 281 3231 cium
312 3190 656 3232 ecclesiasticum
686 3190 912 3242 incumbit,
944 3191 1009 3231 uti
1039 3190 1239 3244 symbolo
1270 3203 1324 3231 ac
1355 3203 1534 3230 normae
1575 3190 1840 3243 symbolicae
1870 3190 2070 3231 innititur
2100 3192 2243 3232 unitas

165 3261 300 3302 totius
328 3261 432 3302 fidei
460 3261 833 3315 professionisque
865 3261 1203 3306 ecclesiasticae.
1235 3261 1371 3315 Atqui
1418 3261 1599 3314 „regula
1627 3260 1743 3313 fidei,
1772 3261 1915 3314 inquit
1945 3262 2242 3304 Tertullianus
2328 3277 2533 3312 Tertullian.

165 3331 219 3373 de
247 3333 333 3377 vel.
362 3334 475 3387 virg.
509 3347 545 3374 c.
579 3331 620 3378 1.
666 3346 755 3374 una
786 3333 961 3374 omuino
993 3337 1071 3385 est,
1103 3334 1198 3374 sola
1226 3333 1460 3374 immobilis
1492 3337 1535 3373 et
1564 3333 1939 3386 irreformabilis.„
1983 3335 2105 3375 Talis
2137 3349 2241 3389 ergo

163 3404 328 3456 pariter
357 3409 424 3446 est
453 3418 634 3446 romana
662 3405 784 3446 Petri
813 3405 938 3449 fides.
991 3405 1078 3448 Sed
1118 3406 1272 3447 eodem
1314 3410 1514 3460 spect-ant
1555 3419 1666 3459 quae
1707 3406 1753 3446 in
1784 3407 1970 3448 concilio
2001 3407 2187 3452 lateran.
2215 3421 2243 3449 a

167 3473 320 3529 Sergio
350 3477 569 3531 cypriensi
599 3477 716 3518 dicta
745 3477 950 3531 leguntur
978 3492 1048 3532 ap.
1085 3478 1301 3521 Harduin.
1332 3482 1363 3520 t.
1394 3478 1476 3522 ΙΙΙ.
1507 3492 1550 3531 p.
1573 3475 1671 3522 730.
1707 3478 1761 3518 de
1794 3479 1952 3532 quibus
1981 3480 2109 3523 infra.

338 3547 373 3602 ²)
404 3548 640 3602 Propterea
671 3549 881 3590 ecclesiae
913 3551 1023 3591 ratio
1064 3550 1120 3591 ab
1152 3549 1384 3591 Ambrosio
1415 3549 1595 3591 officior.
1626 3550 1655 3591 1.
1686 3550 1768 3593 III.
1801 3564 1838 3594 c.
1857 3549 1900 3595 3.
1917 3565 1959 3592 n.
1979 3550 2048 3596 19.
2080 3553 2241 3595 descri—
2319 3565 2536 3602 Ambrosius.

166 3620 305 3662 bitur:
340 3621 572 3673 „Ecclesia
587 3625 653 3662 est
684 3623 978 3676 congregatio,
1011 3635 1124 3676 quae
1144 3622 1190 3662 in
1211 3636 1346 3663 unum
1368 3635 1612 3663 connexum
1637 3636 1792 3677 corpus
1813 3627 1945 3677 atque
1967 3631 2241 3680 compactum
2282 3638 2455 3671 Ecclesiae
2472 3640 2578 3676 notio,

165 3695 330 3735 unitate
359 3694 461 3736 fidei
492 3698 536 3735 et
567 3695 760 3736 caritatis
791 3696 1001 3750 adsurgit.
1010 3727 1033 3748 „
1068 3696 1106 3737 A
1138 3709 1224 3750 qua
1254 3696 1545 3750 descriptione
1574 3697 1752 3739 minime
1797 3698 2024 3751 abludunt,
2055 3700 2127 3741 vel
2155 3701 2241 3742 ista

163 3766 390 3820 Euthymii
417 3768 463 3808 in
486 3768 558 3812 Ps.
591 3768 883 3813 LXXXVIII.
923 3769 1000 3822 „Si
1029 3770 1128 3811 loca
1166 3771 1388 3824 respicias,
1423 3771 1634 3812 eeclesiae
1663 3771 1810 3824 plures
1841 3775 1965 3815 sunt:
1998 3773 2035 3813 si
2063 3773 2237 3827 religio·
2319 3782 2537 3824 Euthymius.

163 3853 264 3881 nem
294 3844 338 3882 et
367 3840 469 3882 fidei
499 3843 950 3895 communicationem,
994 3856 1142 3885 omnes
1185 3857 1297 3897 quae
1326 3844 1489 3898 ubique
1530 3848 1631 3886 sunt
1661 3846 1885 3898 ecclesiae,
1916 3858 2047 3886 unam
2079 3847 2238 3887 consti—

163 3915 291 3953 tuunt
321 3911 516 3955 fidelium
548 3915 834 3967 ecclesiam„:
866 3914 938 3956 vel
968 3914 1078 3956 haec
1110 3915 1261 3957 eodem
1293 3917 1538 3970 spectantia
1570 3916 1871 3971 Chrysostomi
1901 3932 1969 3972 ep.
2000 3918 2057 3959 ad
2078 3918 2179 3963 Cor.
2201 3919 2236 3963 Ι.
2290 3924 2560 3969 Chrysoetmnue.

128 4024 131 4027 t
163 3983 206 4029 h.
225 3983 265 4030 1.
297 3985 551 4040 „Ecclesiae
582 3999 740 4029 nomen
770 4000 858 4029 non
886 3987 1109 4043 ambitum,
1141 3988 1218 4030 sed
1248 3990 1453 4031 unionem
1483 3993 1527 4032 et
1558 3991 1886 4033 consonantiam
1915 3990 2176 4046 significat„
