2716 4446
1117 1123 1223 1178 DE

303 1371 1119 1523 ROMANAE
1229 1366 2032 1461 UNITA'HS

677 1660 1048 1761 ,POLITIA
1124 1657 1634 1741 UNIVERSE.

301 1941 348 1996 1.
397 1938 742 2009 Principatus
798 1938 934 1990 ratio
992 1954 1056 1989 ac
1092 1953 1274 1988 rerum
1311 1933 1661 2003 consuetudO,
1703 1931 2004 1987 secundum
2046 1951 2209 2005 quam

122 2035 308 2090 vivere
345 2050 786 2105 unumquemque
843 2039 896 2084 et
938 2030 1247 2084 conversari
1297 2029 1469 2097 decet,
1511 2036 1731 2082 auctore
1787 2027 2082 2081 Aristotele
2120 2032 2208 2094 τῆς

122 2131 365 2185 πολιτείας
402 2126 618 2180 nomine
658 2125 907 2192 effertur,
950 2123 1094 2195 quod
1131 2129 1420 2194 propterea
1456 2121 1613 2175 Plato
1667 2140 1762 2175 suo
1815 2121 1882 2174 de
1921 2121 2206 2193 republica
2246 2113 2477 2198 Νοῖξῗζζίζζῗ
2502 2125 2545 2148 ‘²⁰

122 2223 274 2295 operi
309 2220 598 2293 inscripsit,
672 2220 839 2272 Porro
884 2218 983 2289 „de
1022 2236 1155 2271 vera
1182 2225 1235 2270 et
1259 2217 1502 2288 perfecta
1527 2216 1723 2288 politia¹
1746 2216 2026 2287 contingit,
2067 2217 2142 2270 ait
2160 2216 2203 2288 1)

129 2324 346 2371 sanctus
372 2315 626 2383 Thomas,
666 2311 1121 2385 quemadmodum
1148 2311 1215 2364 de
1245 2329 1467 2383 corpore
1504 2311 1645 2364 bene
1685 2311 1965 2382 disposit0‚
2004 2311 2062 2363 in
2101 2329 2207 2382 quo
2313 2333 2472 2366 salomas.

129 2411 274 2464 vires
297 2410 582 2481 organicae
605 2417 729 2462 sunt
748 2409 804 2461 in
825 2407 1065 2479 perfecto
1087 2408 1290 2477 vigore,
1316 2404 1390 2459 Et
1411 2407 1458 2458 si
1476 2407 1649 2459 virtus
1671 2424 1939 2476 suprema,
1963 2423 2100 2476 quae
2128 2412 2210 2457 est

121 2504 277 2572 ratio,
318 2510 527 2556 ceteras
566 2502 762 2573 dirigat
811 2501 1093 2555 inferiores
1133 2499 1419 2570 potentias7
1470 2507 1531 2553 ut
1568 2499 1638 2552 ad
1677 2519 1834 2552 suum
1884 2506 2205 2553 moveantur

119 2599 435 2669 imperium,
493 2605 622 2650 tunc
658 2597 891 2667 insurgit
930 2594 1198 2667 quaedam
1237 2594 1477 2647 suavitas
1527 2602 1582 2648 et
1631 2593 1875 2665 perfecta
1914 2592 2202 2647 delectatio
2290 2607 2496 2639 flamonia·

118 2692 316 2746 virium
342 2692 398 2745 in
426 2690 758 2759 alterutrum,
788 2708 950 2761 quam
976 2688 1313 2741 harmoniam
1337 2705 1611 2742 vocamus,
1677 2686 1833 2741 Unde
1861 2686 2202 2757 Augustinus

120 2785 253 2839 dicit
285 2787 343 2839 in
380 2786 538 2838 tertio
577 2784 644 2837 de
683 2783 904 2838 civitate
942 2784 1078 2851 Dei,
1120 2781 1265 2854 quod
1301 2800 1388 2835 res
1415 2779 1636 2853 publica
1675 2782 1790 2835 sive
1830 2781 2022 2835 civitas
2060 2780 2201 2833 bene

119 2878 383 2950 disposita
419 2877 685 2932 melodiae
723 2877 949 2931 vocibus
989 2884 1346 2947 comparatur,
1385 2876 1440 2929 in
1478 2895 1585 2948 qua
1623 2876 1854 2930 diversis
1895 2877 2040 2929 sonis
2078 2893 2198 2945 pro-
2274 2880 2502 2923 Auyuaetinu-s·

119 2972 437 3043 portionatis
477 2971 547 3024 ad
583 2972 849 3039 invicem,
906 2971 967 3023 fit
1022 2976 1214 3022 cantus
1254 2971 1438 3024 suavis
1477 2978 1531 3024 et
1568 2969 1909 3024 delectabilis
1949 2967 2198 3023 auribus:

121 3085 258 3138 quae
297 3065 514 3136 proprie
552 3064 653 3118 fuit
689 3066 745 3119 in
785 3073 927 3119 statu
952 3065 1295 3118 innocentiae
1321 3064 1568 3136 regulata
1594 3084 1665 3119 ex
1689 3066 1889 3118 virtute
1917 3062 2195 3133 originalis

115 3159 351 3213 iustitiae
388 3166 603 3229 praeter
639 3167 819 3213 actum
858 3159 1073 3212 divinae
1113 3159 1464 3231 cognitionis:
1522 3159 1666 3213 unde
1706 3157 2033 3211 causabatur
2071 3174 2196 3210 con-

117 3251 434 3322 templativa
470 3251 730 3321 felicitaS,
790 3261 844 3307 et
894 3253 1057 3306 etiam
1107 3253 1266 3306 modo
1307 3254 1608 3308 secundum
1647 3251 1938 3324 quamdam
1975 3251 2193 3322 partici-

117 3351 302 3414 patam
337 3346 590 3399 virtutem
627 3348 684 3400 in
721 3348 853 3400 viris
891 3346 1162 3417 perfectiS‚
1201 3354 1262 3400 ut
1298 3347 1434 3401 nihil
1471 3347 1642 3401 velint
1679 3347 1786 3399 nisi
1831 3345 1977 3418 quod
2001 3344 2192 3416 regula

116 3436 337 3490 mandat
371 3438 593 3492 rationis
632 3447 686 3493 ct
723 3440 868 3511 quod
905 3439 1026 3492 Deo
1078 3439 1272 3510 placet.
1348 3441 1421 3493 Et
1459 3460 1530 3494 ex
1574 3440 1677 3493 hac
1728 3439 1948 3511 quidem
1984 3440 2192 3494 ratione

117 3536 294 3583 motus
320 3530 420 3585 fuit
444 3532 798 3604 philosophus
825 3531 1124 3586 assimilare
1150 3533 1542 3604 rempublicam
1569 3551 1666 3587 seu
1690 3532 1935 3604 politiam
1960 3533 2194 3587 naturali
2264 3537 2491 3621 Rssssffissfffl

117 3632 171 3674 et
206 3624 457 3694 organico
484 3628 712 3697 corpori,
741 3628 797 3679 in
823 3644 928 3697 quo
957 3634 1081 3678 sunt
1105 3635 1282 3680 motus
1309 3626 1678 3698 dependentes
1706 3647 1777 3681 ex
1802 3647 1909 3682 uno
1937 3634 2191 3681 movente

118 3715 232 3768 sive
269 3735 341 3770 ex
377 3717 614 3788 duobus,
671 3726 732 3772 ut
779 3727 902 3772 sunt
952 3738 1045 3773 cor
1083 3726 1136 3772 et
1174 3720 1487 3791 cerebrum3
1545 3728 1598 3775 et
1634 3730 1817 3776 tamen
1854 3725 1912 3776 in
1951 3720 2192 3794 qualibet

290 3962 324 4019 ¹)
354 3964 422 4005 De
453 3965 606 4020 regim.
639 3965 777 4019 princ.
810 3978 958 4019 opusc.
990 3964 1092 4013 XX.
1123 3966 1154 4011 l.
1185 3966 1260 4010 IV.
1294 3981 1332 4014 c.
1364 3967 1433 4012 23.
