2716 4446
259 529 407 560 Launoi.

1381 212 1452 222 —-
1501 180 1729 240 312—

524 323 691 376 sacris
730 322 1025 375 canonibus
1065 329 1118 375 et
1156 323 1403 377 conciliis
1430 325 1812 393 oecumeniciS,
1851 330 1965 376 tum
1993 342 2063 376 ex
2093 326 2334 379 unanimi
2360 326 2582 381 Patrum

522 435 805 484 consenSU,
848 423 901 468 et
935 418 1094 487 praxi
1137 417 1418 484 ecclesiae,
1477 419 1795 488 rationeque
1833 416 2155 488 theologica,
2213 420 2331 472 tum
2364 421 2610 475 reiectis
2665 432 2668 433 ’

520 509 795 581 plerisque
836 509 1085 563 omnibus
1124 510 1355 563 Launoii
1395 529 1459 562 ac
1514 510 1845 581 reliquorum
1885 510 2275 580 gallicanorum
2316 515 2603 584 exceptio-·
2626 535 2631 546 Δ·

520 603 695 671 nibus,
737 605 1046 656 confutatur
1084 604 1460 675 disquisitione
1501 612 1659 657 sexta
1708 605 2023 657 nominatim
2062 605 2374 659 Ludovicus
2415 606 2588 661 Ellies

161 697 593 756 DuPiniiexeeptio.du
636 697 747 764 Pin,
806 698 959 749 cuius
1016 697 1162 749 haud
1221 715 1423 767 paucas
1486 697 1742 749 refricare
1800 698 2023 750 naenias
2080 700 2373 752 etiamnum
2413 700 2588 754 solent

199 2211 242 2244 A.
257 2212 472 2245 Mazzarezzi.

180 2972 424 3015 Theoloqorum
440 2977 478 3007 in

199 3017 321 3050 Gallia
347 3028 453 3053 mene.

239 3261 411 3297 Maucler.

517 809 739 844 romano
798 791 925 844 huic
983 791 1257 861 praesidio
1314 791 1512 844 infensi
1572 791 1792 862 quidam
1847 791 2123 844 doctores:
2182 794 2262 845 uti
2314 791 2451 846 illud
2489 801 2586 862 est,

518 884 728 936 nescire
768 884 1155 938 dissentientes
1193 885 1429 937 invicem
1468 903 1721 938 romanos
1760 884 2056 956 theologOS,
2110 886 2240 956 quid
2281 888 2588 958 requiratur

517 977 587 1030 ad
626 977 744 1045 hoc,
802 984 861 1030 ut
916 996 1170 1030 romanus
1229 977 1475 1048 pontifex
1528 977 1636 1030 dici
1694 996 1765 1030 ex
1804 977 2063 1031 cathedra
2099 979 2359 1050 loquutus
2397 982 2588 1051 possit.

518 1071 672 1137 Quae
712 1070 930 1142 quidem
970 1078 1231 1142 quantam
1270 1090 1527 1124 romanae
1567 1090 1765 1124 causae
1793 1071 2103 1125 vindicibus
2143 1071 2304 1144 atqu'e
2343 1075 2586 1144 patronis

516 1184 701 1218 creare
741 1164 1005 1217 invidiam
1044 1173 1171 1218 nata
1209 1165 1477 1234 videntur,
1516 1172 1722 1218 tantam
1759 1183 1953 1236 reapse
1990 1166 2387 1237 excipientibus
2423 1167 2588 1238 inpri-

516 1267 670 1312 munt
707 1260 762 1311 in
801 1278 858 1311 re
898 1258 1208 1328 theologica
1261 1268 1444 1312 notam
1500 1259 1764 1326 inscitiae,
1825 1261 1880 1311 in
1933 1278 2039 1330 qua
2076 1259 2165 1313 vel
2203 1259 2399 1312 leviter
2433 1260 2589 1313 tincti

521 1352 855 1423 distinguere
898 1353 1308 1406 occurrentibus
1347 1353 1589 1405 dissidiis
1628 1362 1827 1407 norunt
1852 1354 1992 1406 inter
2031 1372 2110 1422 ea,
2152 1372 2290 1425 quae
2326 1373 2588 1409 summam

514 1465 805 1517 rerumque
847 1449 1156 1515 essentiam,
1180 1455 1234 1499 et
1262 1466 1400 1518 quae
1429 1466 1612 1500 earum
1639 1454 1820 1518 partes
1847 1447 2210 1500 accidentales
2238 1449 2585 1518 constituunt,

516 1559 655 1612 quae
691 1540 762 1593 ad
800 1542 1174 1603 conditionem,
1215 1559 1461 1612 quaeque
1503 1549 1748 1611 spectant
1768 1541 1837 1593 ad
1868 1543 2044 1611 ipsam
2067 1559 2263 1594 causae
2285 1542 2584 1610 veritatem,

516 1653 654 1706 quae
695 1638 763 1687 ad
803 1634 1004 1688 obiecti
1043 1636 1325 1688 materiam
1365 1636 1640 1706 pertinent
1686 1642 1741 1688 et
1787 1653 1926 1706 quae
1965 1635 2034 1688 ad
2071 1635 2299 1688 formam
2334 1635 2596 1710 subiecti,
2648 1628 2652 1630 ’

512 1747 655 1800 quae
694 1728 911 1781 tandem
953 1729 1282 1800 flagitantur,
1335 1738 1395 1782 ut
1431 1748 1519 1783 res
1561 1730 1629 1781 sit
1665 1747 1903 1800 vereque
1944 1729 2200 1798 obtineat,
2241 1737 2295 1782 et
2333 1748 2490 1800 quae,
2529 1737 2590 1782 ut

516 1830 795 1893 comperta
818 1822 859 1894 ¹)
921 1823 988 1875 sit
1027 1842 1090 1875 ac
1129 1822 1438 1875 indubitata
1475 1823 1754 1893 adpareat.
1813 1824 1981 1894 Atqui
2019 1823 2262 1876 membra
2317 1824 2514 1893 priora,
2553 1842 2587 1876 a

516 1916 714 1988 quibus
751 1917 830 1969 rei
872 1916 1177 1969 substantia
1214 1917 1432 1988 pendet,
1474 1918 1832 1969 consensione
1873 1925 2231 1988 exponuntur,
2271 1917 2402 1971 licet
2435 1918 2589 1970 varia

518 2010 586 2062 sit
624 2009 690 2062 de
729 2011 898 2063 variis
939 2010 1209 2080 capitibus
1235 2011 1278 2082 ²)
1317 2006 1544 2081 reliquis
1582 2011 1856 2063 variorum
1897 2009 2272 2080 theologorum
2311 2012 2511 2083 opinio,

689 2103 809 2158 329.
874 2103 983 2157 Sed
1039 2104 1147 2156 iam
1204 2104 1533 2157 veniendum
1595 2103 1687 2156 ad'
1719 2103 1949 2157 alterum
2006 2123 2237 2175 eumque
2275 2104 2587 2176 theologum

517 2197 994 2267 sapientissimum,
1035 2197 1380 2268 Alphonsum
1418 2199 1641 2269 inquam
1678 2197 2105 2266 Muzzarellium,
2137 2200 2252 2269 ‘qui
2300 2199 2443 2252 inter
2478 2198 2588 2252 alia

516 2310 682 2343 aurea
722 2291 985 2361 opuscula
1039 2290 1348 2361 theologica
1403 2293 1728 2362 inscriptum
1785 2291 1952 2344 habet
1976 2292 2019 2363 ³)
2060 2291 2165 2359 „de
2204 2291 2586 2347 infallibilitate

514 2384 796 2437 Pontificis
853 2385 1082 2456 probata
1139 2405 1209 2438 ex
1265 2387 1400 2456 ipsis
1465 2386 1749 2456 principiis
1808 2386 2182 2456 sententiaque
2240 2388 2517 2440 communi
2538 2386 2586 2459 4)

517 2477 781 2531 ecclesiae
821 2479 1157 2548 gallicanae„
1200 2498 1305 2550 quo
1346 2479 1481 2531 haec
1520 2479 1798 2532 doctrinae
1827 2471 2018 2550 ‘capita
2057 2479 2461 2551 complectitur:

693 2741 724 2790 ¹)
760 2741 828 2784 Cf.
860 2744 1026 2783 auctor.
1059 2740 1112 2780 de
1143 2741 1368 2781 inextinct.
1402 2739 1558 2783 concil.
1591 2740 1689 2780 trid.
1721 2740 1848 2782 verit.
1880 2740 1910 2782 l.
1942 2753 1979 2782 e.
2013 2739 2245 2792 disquisitt.
2277 2739 2336 2783 ΙῘ.
2369 2739 2445 2783 VI.

693 2813 726 2868 2)
759 2814 870 2856 Vide
901 2815 960 2854 sis
993 2813 1109 2853 dicta
1139 2813 1339 2866 superius
1371 2812 1425 2852 de
1456 2813 1624 2852 ratione
1654 2811 1976 2852 infallibilitatis
2015 2812 2220 2852 universe
2251 2825 2326 2854 nn.
2359 2809 2455 2853 148.
2487 2824 2584 2866 sqq.

691 2886 725 2940 ³)
758 2887 873 2927 Edit.
906 2886 978 2926 alt.
1013 2886 1152 2926 Aven.
1188 2883 1316 2928 1833.
1350 2899 1449 2938 opp.
1481 2878 1666 2926 21—27.

692 2957 725 3011 ⁴)
757 2959 824 2998 De
855 2958 1046 3010 antiquis
1094 2956 1263 2997 Galliae
1308 2956 1604 3010 scriptoribus,
1649 2954 1694 2995 id
1740 2959 1806 2996 est
1850 2957 2030 2998 vetustis
2076 2955 2321 2996 scholarum
2368 2955 2584 3010 theologis

515 3030 684 3071 nullum
714 3030 867 3070 haberi
898 3029 1079 3069 dubium
1108 3032 1266 3082 potest,
1298 3028 1373 3068 sed
1404 3028 1668 3068 recentiores
1700 3039 1875 3080 quoque
1910 3027 1996 3068 illis
2037 3027 2231 3081 theologi
2260 3027 2306 3067 in
2337 3026 2482 3069 Gallia
2511 3040 2584 3069 ex-

512 3102 726 3155 ploratam
758 3102 811 3142 de
841 3100 1065 3141 infallibili
1095 3113 1276 3141 romano
1306 3100 1512 3154 pontifice
1543 3099 1783 3140 doctrinam
1815 3103 2007 3140 tuentur.
2040 3099 2268 3140 Eiusmodi
2287 3099 2384 3140 aliis
2417 3099 2586 3140 omissis

514 3178 615 3214 sunt
644 3174 846 3214 Andreas
878 3173 1037 3213 Duval.
1073 3172 1125 3212 de
1157 3185 1360 3226 suprema
1389 3185 1495 3213 rom.
1530 3172 1684 3226 pontif.
1716 3172 1760 3212 in
1792 3172 1949 3215 eccles.
1972 3175 2176 3225 potestat.
2198 3185 2268 3215 an.
2291 3169 2417 3214 1614.
2450 3171 2581 3217 Joan.

514 3260 541 3287 a
573 3246 723 3287 Celaia
752 3247 797 3285 in
828 3244 869 3286 3.
903 3250 1014 3289 sent.
1047 3244 1150 3287 dist.
1181 3243 1252 3287 25.
1287 3257 1326 3297 q.
1359 3243 1400 3286 4.
1432 3244 1564 3285 Mich.
1599 3244 1815 3287 Maucler.
1845 3244 1891 3283 in
1922 3243 1970 3286 ll.
2002 3244 2056 3284 de
2077 3243 2297 3284 monarch.
2321 3243 2407 3284 div.
2429 3243 2584 3286 eccles.

514 3322 557 3359 et
587 3317 801 3359 saeculari
834 3318 982 3360 christ.
1016 3317 1172 3357 dicatis
1205 3315 1388 3369 Gregor.
1421 3316 1518 3359 XV.
1551 3320 1595 3356 et
1622 3315 1851 3356 Ludovico
1881 3316 2006 3358 XIII.
2038 3330 2080 3369 p.
2112 3317 2172 3360 11.
2208 3315 2237 3359 l.
2271 3315 2311 3357 4.
2337 3328 2400 3359 66.
2423 3314 2466 3360 4.
2493 3328 2588 3370 sqq.

515 3391 679 3442 „Haec,
712 3391 786 3441 ait,
817 3391 900 3430 ista
931 3390 1172 3430 communis
1203 3402 1355 3429 sacrae
1386 3389 1627 3441 sapientiae
1646 3389 1961 3439 Professorum,
1986 3402 2096 3442 quae
2127 3388 2310 3429 docetur
2339 3389 2383 3428 in
2415 3387 2588 3438 scholis,
2667 3418 2670 3420 v

514 3463 714 3512 assertio,
745 3463 1112 3516 disceptationum
1144 3474 1462 3514 causarumque
1493 3461 1546 3501 de
1577 3460 1662 3501 fide
1694 3474 1866 3502 cursum
1898 3465 2150 3513 motumque
2180 3461 2346 3501 romani
2365 3459 2588 3500 Pontificis

513 3535 559 3574 in
592 3535 798 3574 cathedra
826 3534 947 3574 Petri
978 3533 1172 3574 sedentis
1204 3534 1479 3586 consopitum
1509 3532 1670 3573 iudicio
1701 3532 1857 3585 finiri.„
1893 3533 2016 3573 Hinc
2046 3533 2098 3573 A.
2130 3532 2289 3573 Duval.
2320 3533 2349 3573 l.
2382 3546 2417 3575 6.
2448 3528 2584 3585 p.'11.

516 3618 558 3658 q.
591 3603 631 3645 1.
664 3605 955 3646 deviationem
986 3604 1264 3656 Alliacensis,
1298 3604 1512 3655 Gersonii,
1543 3592 1734 3645 Almaini
1754 3606 1989 3646 arbitratur
2010 3617 2124 3656 „non
2144 3616 2239 3644 esse
2257 3607 2406 3645 tantae
2435 3603 2587 3645 autho-

514 3678 670 3729 ritatis,
703 3679 806 3731 quia
835 3682 1032 3731 tempore
1063 3677 1344 3718 schismatum
1377 3678 1668 3729 floruerunt„:
1703 3682 1746 3718 et
1777 3691 1817 3731 q.
1847 3675 1889 3722 4.
1919 3676 1975 3717 ad
2005 3675 2046 3719 9.
2087 3676 2252 3728 „multo
2290 3676 2378 3717 illis
2408 3675 2587 3723 celebri-

516 3762 640 3801 ores„
673 3750 898 3803 parienses
930 3749 1129 3789 doctores
1159 3748 1438 3802 privilegium
1467 3749 1792 3789 infallibilitatis
1838 3761 2018 3789 romano
2047 3746 2244 3800 pontifici
2271 3760 2442 3801 semper
2469 3759 2587 3794 asse-

514 3822 667 3870 ruisse,
715 3821 778 3860 uti
809 3825 910 3861 sunt
955 3821 1041 3873 „D.
1076 3820 1281 3872 Thomas,
1330 3821 1386 3864 D.
1421 3821 1743 3873 Bonaventura‚
1788 3821 2016 3861 Hervaeus
2059 3809 2324 3868 Armoricus,
2368 3817 2587 3859 Henricus

518 3891 835 3944 Gandavensis,
866 3893 997 3935 Joan.
1031 3892 1084 3933 de
1118 3891 1282 3944 Celaia,
1323 3893 1517 3946 itemque
1563 3893 1762 3934 doctores
1799 3893 1878 3945 illi,
1909 3893 1984 3945 qui
2013 3892 2057 3932 in
2089 3890 2276 3931 comitiis
2307 3889 2481 3930 scholae
2512 3901 2586 3940 ge-

517 3963 739 4004 neralibus
771 3977 940 4006 errores
970 3965 1187 4006 Malesoni
1217 3964 1562 4008 condemnarunt
1591 3965 1660 4006 his
1689 3966 1858 4007 verbis:
1889 3964 1958 4005 Ad
1988 3977 2025 4008 s.
2048 3966 2190 4017 apost.
2212 3960 2358 4004 sedem
2387 3960 2589 4014 pertinet,
