2716 4446
1227 132 1575 198 —zstl—

572 280 987 337 PrimatuS.

140 396 143 398 -
202 361 459 406 Romani
498 357 858 400 Pontificis
918 356 1031 398 sicut
1062 357 1359 411 cumuluspo-

918 431 1087 471 testatis
1118 434 1163 471 et
1191 429 1362 471 ordina·

918 502 1008 544 riae
1058 501 1365 544 iurisdictionis

921 587 1050 628 super
1117 587 1266 616 omnes
1325 577 1367 614 et

920 646 1115 700 singulos
1166 644 1369 686 catholici

923 719 1040 760 orbis
1071 718 1291 760 dioeceses
1311 717 1368 758 ad

924 804 1079 833 causas
1120 791 1251 832 etiam
1293 790 1366 831 de-

921 863 1146 916 finiendas,
1166 875 1277 917 quae
1293 866 1369 903 aut

925 936 1057 978 fidem
1114 936 1366 989 respiciunt,

924 1014 1000 1051 aut
1038 1010 1214 1064 negotia
1244 1023 1367 1063 spec-

923 1086 1021 1124 tant
1052 1082 1109 1123 ad
1139 1082 1368 1124 ecclesias-

923 1155 1059 1196 ticum
1094 1156 1236 1196 forum
1273 1167 1369 1209 per-

925 1228 1123 1272 tinentia.
1155 1241 1182 1269 a
1226 1228 1370 1268 conci-

925 1299 996 1341 liis
1027 1300 1296 1355 agnoscitur.
1319 1299 1369 1341 T.

926 1372 983 1414 11.
1015 1386 1059 1427 p.
1093 1371 1161 1425 10,
1194 1370 1265 1415 14.

211 1451 489 1508 Romanus
528 1446 787 1502 principium
826 1445 1049 1486 Romanae
1089 1445 1285 1488 unitatis.
1318 1444 1372 1489 Τ.

528 1521 565 1564 I.
596 1533 640 1573 p.
673 1515 771 1562 113.

328 1619 383 1626 —-
529 1591 808 1633 continuatur
857 1590 1116 1631 auctoritate
1156 1602 1208 1630 ac
1247 1589 1373 1630 iuris-

531 1664 734 1707 dictione.
777 1663 827 1704 T.
860 1663 898 1707 Ι.
928 1676 974 1716 Ρ.
1005 1660 1105 1705 179.

329 1765 385 1771 -
530 1737 729 1790 Liturgia
744 1736 966 1790 probatur.
991 1735 1041 1778 T.
1053 1735 1087 1775 Ι.
1101 1748 1144 1789 Ρ.
1158 1732 1256 1787 188,
1277 1731 1374 1776 189.

330 1837 385 1844 -—
530 1810 586 1851 ad
617 1809 829 1850 ecclesiae
859 1809 1071 1850 unitatem
1112 1805 1375 1849 conseruan-

339 1867 343 1873 ¹
533 1884 631 1924 dam
670 1886 713 1923 et
758 1881 1031 1923 efficiendam
1062 1895 1089 1923 a
1117 1882 1213 1922 Deo
1252 1881 1374 1922 insti-

532 1961 665 2000 tutus,
699 1956 736 1996 T
783 1954 841 1996 11.
875 1969 918 2009 p.
948 1952 1049 1998 404.

215 2034 500 2090 Pri-matus
544 2029 664 2071 Petri
709 2028 918 2082 probatur
971 2027 1227 2068 auctoritate
1274 2039 1376 2068 con·

559 2101 647 2143 cilii
676 2101 864 2144 nicaeni.
906 2100 959 2144 Τ.
990 2101 1026 2143 Ι.
1056 2114 1099 2154 p.
1132 2098 1229 2143 148.

356 2202 411 2210 —
461 2186 466 2192 ·
555 2178 747 2230 potestas
779 2175 960 2228 eiusque
991 2173 1259 2216 exercitium.
1321 2171 1374 2216 T.

555 2248 591 2289 Ι.
622 2261 666 2302 Ρ.
701 2245 800 2290 177.

299 2317 304 2322 ’
359 2345 414 2371 -,-
560 2320 794 2362 Romani
826 2319 939 2362 finis.
971 2318 1023 2362 T.
1056 2318 1090 2359 Ι.
1124 2332 1165 2372 p.
1198 2315 1297 2361 179.

816 2392 1077 2447 principium
1099 2384 1286 2432 coeleste
1312 2390 1376 2430 in-

815 2469 1001 2508 ternum.
1043 2464 1095 2508 T.
1134 2464 1170 2508 I.
1202 2478 1245 2518 p.
1277 2460 1376 2506 187.

817 2537 916 2582 188.

350 2634 418 2644 ⁴—
565 2612 771 2667 probatus
816 2626 895 2666 per
934 2611 1183 2664 scripturas.
1245 2608 1294 2650 T.
1340 2607 1377 2651 Ι.

934 2698 976 2739 Ρ.
1010 2681 1108 2725 138.

785 2779 788 2782 ·
836 2782 892 2788 —
935 2751 1379 2812 patres.T.I.p.141.

217 2834 316 2875 Ius
347 2833 634 2877 successionis
655 2832 702 2872 in
731 2830 986 2872 Primatu
1016 2829 1255 2871 formaliter
1278 2841 1379 2869 con-

235 2901 237 2903 ’
333 2906 581 2956 sideratum,
633 2905 827 2945 divinum
845 2934 856 2955 ,
907 2903 1228 2944 consideratum
1276 2915 1381 2943 vero

334 2978 629 3030 materialiter,
659 2976 1283 3031 apostolico-ecclesiasticum.
1326 2975 1379 3018 T.

335 3051 371 3092 Ι.
437 3083 446 3095 .
478 3048 576 3094 126.

179 3130 189 3141 ·
222 3065 465 3166 Εττοτξε
490 3122 955 3165 contraPrimatum
972 3121 1216 3162 Romanum
1231 3121 1384 3162 reiecti

395 3209 422 3237 a
653 3194 951 3249 StephanO.
982 3193 1020 3237 Ι.
1053 3194 1106 3239 Τ.
1137 3193 1174 3238 Ι,
1206 3208 1249 3248 p.
1282 3192 1380 3236 132.

652 3266 907 3310 Nicolao.
938 3265 974 3309 Ι.
1006 3266 1057 3309 T.
1089 3266 1126 3310 I.
1158 3280 1202 3320 p.
1235 3264 1333 3310 132.

653 3340 911 3381 Joannne
966 3338 1109 3382 XXII.
1163 3338 1215 3382 T.
1257 3338 1293 3382 Ι.
1338 3339 1407 3393 Ρ.’

953 3409 1091 3456 132.»

650 3483 896 3526 Martino
926 3483 981 3527 V.
1021 3483 1071 3525 T.
1117 3482 1154 3526 Ι.
1195 3497 1237 3537 Ρ.
1285 3480 1384 3535 133,

952 3553 1052 3600 134.

619 3639 623 3643 ·
654 3628 839 3671 Leone
868 3627 926 3672 X.
957 3627 1011 3673 T.
1042 3628 1076 3672 Ι.
1108 3641 1151 3682 Ρ.
1183 3625 1281 3671 134.

657 3702 757 3743 Pio
789 3699 890 3745 VII.
923 3700 975 3744 Τ.
1006 3699 1043 3744 Ι.
1076 3713 1120 3754 p.
1155 3697 1255 3743 134.

659 3773 916 3815 Concilio
949 3770 1389 3814 Constantiensi

954 3845 1008 3888 T.
1038 3844 1072 3887 I.
1102 3857 1146 3897 p.
1179 3840 1278 3886 133.

234 3916 616 3959 Orientalium
646 3931 673 3959 a
702 3917 955 3958 Primatu
1000 3915 1285 3973 dissensionis
1317 3927 1388 3955 ca·

347 3987 805 4047 manipmz

1448 283 1686 327 Vinculum
1716 281 1991 336 episcopatus
2024 293 2131 324 ⁴cum
2170 278 2312 322 Prim
2326 281 2421 320 atu
2458 291 2607 320 neces·

1560 355 1741 397 sarium.
1774 354 1824 395 T.
1855 353 1913 396 ΙΙ.
1944 366 1988 407 Ρ.
2019 350 2119 397 343.

1758 494 2297 567 Principalitas.

1453 603 1489 644 P
1505 603 1601 644 rin
1618 601 1715 655 cip
1732 599 1992 642 alitatis
2022 599 2144 642 verbi
2186 598 2459 654 significatio.
2491 598 2544 642 T.
2575 598 2610 639 I.

1567 686 1614 727 p.
1645 670 1715 715 81.

1800 822 2270 894 PrincipatUS.

1903 897 1970 968 ’Τ.
2001 926 2035 967 1.
2066 940 2118 981 p.
2145 925 2186 971 1.

1573 952 1627 958 ——
1747 951 1802 958 ι..-

1852 1076 2209 1148 Princeps.
2273 1107 2276 1110 ·

1457 1179 1736 1236 Princeps
1787 1179 2023 1222 saecularis
2084 1179 2214 1221 finem
2275 1179 2453 1221 alterius
2502 1179 2618 1220 vitae

1802 1267 1893 1296 non
1923 1252 2053 1294 debet
2082 1251 2256 1306 quidem
2301 1266 2382 1293 sua
2430 1250 2617 1293 auctori-

1804 1329 1893 1367 tate
1922 1337 2170 1379 procurare,
2216 1324 2292 1367 sed
2335 1337 2478 1379 neque
2524 1336 2620 1364 eam

1804 1390 2045 1452 impendite
2076 1396 2219 1440 debet.
2251 1396 2303 1440 T.
2335 1397 2369 1440 I.
2401 1410 2445 1451 p.
2475 1394 2549 1441 35.

1810 1469 2024 1511 ethnicus.
2057 1469 2109 1513 T.
2141 1469 2200 1513 Π.
2230 1483 2272 1523 Ρ.
2305 1466 2403 1512 133.

1808 1542 2082 1584 christianus.
2127 1542 2180 1585 T.
2211 1541 2271 1585 II.
2303 1555 2345 1595 p.
2379 1538 2477 1582 133.

1613 1639 1658 1646 —
1806 1615 1977 1669 imperii
1992 1614 2048 1655 ad
2066 1614 2275 1656 eeclesiae
2291 1614 2533 1668 principem
2555 1626 2622 1654 re-

1810 1688 1967 1741 spiciat
2013 1687 2059 1728 in
2089 1687 2283 1742 regendo
2325 1689 2508 1740 oportet.
2569 1684 2622 1728 T.

1806 1759 1866 1803 II.
1899 1774 1943 1814 p.
1975 1751 2076 1805 4'70.

1462 1835 1754 1889 Principis
1817 1833 2126 1875 christiani
2185 1831 2483 1873 subordinatio
2537 1844 2626 1872 non

1616 1912 1619 1914 '
2181 1900 2249 1945 est
2303 1905 2471 1945 mediae
2530 1907 2625 1944 tan·

2180 1980 2273 2017 tum
2301 1977 2471 2018 aetatis.
2502 1975 2552 2016 T.
2565 1975 2624 2016 ΙΙ.

2215 2082 2227 2094 .
2259 2047 2355 2091 133.

1465 2127 1571 2170 Veri
1600 2124 1682 2181 pri
1694 2139 1725 2167 n
1735 2126 1781 2167 ci
1792 2139 1820 2180 p
1832 2125 1878 2166 is
1911 2123 2154 2166 Christiani·
2177 2063 2331 2166 gnua.
2363 2121 2416 2166 T.
2437 2121 2474 2165 Ι.
2491 2135 2537 2179 Ρ.
2552 2118 2625 2173 34,

1859 2275 2246 2346 Principes.

1466 2396 1763 2450 Principes
1795 2395 2038 2436 iuramento
2078 2393 2382 2448 promiserunt,
2415 2390 2616 2432 defensu-

1598 2493 1653 2499 —
1798 2480 1870 2509 ros
1901 2480 1947 2508 se
1978 2467 2208 2508 ecclesiam
2253 2478 2305 2506 ac
2349 2464 2628 2518 religionem.

1538 2532 1542 2537 ’
1756 2551 1766 2561 ·
1798 2540 1850 2581 Τ.
1880 2540 1917 2583 Ι.
1948 2553 1988 2594 p.
2021 2537 2078 2581 33

1599 2637 1654 2645 —
1796 2613 1978 2667 imperio
2019 2625 2072 2653 ac
2115 2611 2272 2653 throno
2323 2610 2516 2664 episcopi
2559 2610 2632 2651 lex

1802 2678 1965 2726 Christi
1994 2684 2193 2728 subiecit.
2226 2684 2278 2727 T.
2309 2684 2344 2724 I.
2376 2698 2417 2738 p.
2449 2680 2522 2725 34.

1600 2782 1652 2790 —
1799 2761 1848 2799 ut
1875 2758 1960 2811 ipsi
1989 2757 2268 2809 honorantur,
2291 2757 2354 2798 sic
2374 2757 2518 2797 Deum
2549 2754 2628 2795 ho·

1801 2843 1957 2872 norare
1988 2829 2159 2871 debent.
2191 2829 2242 2870 T.
2274 2829 2309 2873 Ι.
2340 2842 2382 2882 p.
2417 2826 2488 2871 30.

1601 2931 1655 2937 —
1802 2917 1889 2959 qua
1919 2903 2164 2944 conditione
2208 2902 2393 2943 liberum
2442 2899 2628 2940 aliarum

1805 2980 2022 3018 sectarum
2069 2974 2235 3016 cultum
2290 2973 2500 3028 impedire
2544 2985 2634 3013 non

1801 3049 1964 3093 valent.
1997 3049 2050 3093 T.
2081 3048 2118 3092 Ι.
2150 3061 2193 3102 Ρ.
2224 3044 2295 3088 35.

1472 3123 1795 3177 Principum
1840 3123 1957 3162 circa
2005 3134 2131 3162 sacra
2178 3120 2408 3174 potestatis
2451 3119 2624 3162 limites.

1588 3195 1639 3236 T.
1659 3195 1708 3238 -Ι,
1738 3208 1781 3248 p.
1811 3192 1883 3239 30.

1473 3267 1839 3322 Principibus
1878 3280 1968 3308 non
2008 3267 2112 3308 licet
2154 3266 2375 3307 libertates
2408 3264 2654 3305 conscien--

1588 3341 1674 3382 tiae
1704 3340 1807 3381 dare
1848 3340 2091 3392 haereticis,
2135 3339 2220 3381 nisi
2262 3339 2383 3398 prius
2431 3335 2634 3377 Ecclesia

1590 3417 1755 3467 rogata.
1789 3412 1841 3455 T.
1872 3413 1907 3457 I.
1938 3427 1982 3468 p.
2014 3411 2085 3455 36.

1857 3563 2264 3635 Proprietas

1476 3677 1604 3736 iusta.
1641 3676 1693 3723 T.
1725 3676 1784 3721 ΙΙ.
1822 3689 1865 3731 p.
1898 3673 2000 3719 380.

1830 3809 2275 3866 Providentia

1479 3915 1627 3956 divina
1655 3914 1781 3969 plura
1811 3914 2034 3969 permittit,
2065 3918 2176 3968 quae
2215 3928 2304 3956 non
2343 3913 2517 3970 probat,
2559 3913 2636 3958 sed

1592 3987 1821 4042 improbat.
1852 3988 1903 4030 T.
1934 3985 1971 4029 Ι.
2000 4000 2044 4042 p.
2074 3985 2146 4033 39.
