2716 4446
992 226 1343 289 -167—

132 375 483 445 transcendit,
525 384 578 430 et
615 376 926 430 firmitatem
964 382 1168 447 petrae,
1223 394 1362 447 quae
1414 373 1578 428 nullis
1617 371 2037 444 impulsionibus
2078 390 2207 444 qua—

132 478 353 538 teretur,
414 471 639 541 accepit.
703 476 763 522 In
821 471 1077 523 universa
1136 489 1369 541 namque
1429 468 1678 536 ecclesia,
1736 467 1820 520 Tu
1861 486 1918 520 es
1959 465 2208 520 Christus

132 563 308 617 Filius
348 563 455 615 Dei
493 564 624 630 vivi,
667 564 906 634 quotidie
934 564 1127 617 Petrus
1168 563 1314 631 dicit,
1357 572 1411 616 et
1450 564 1623 617 omnis
1666 563 1869 632 lingua,
1906 578 2045 632 quae
2085 578 2208 613 con-

132 657 314 710 fitetur
370 655 684 717 Dominum,
743 659 1056 727 magisterio
1113 658 1274 712 huius
1331 660 1484 712 vocis
1542 657 1820 710 imbuitur.
1884 655 2038 708 Haec
2075 654 2211 707 fides

132 748 409 803 diabolum
447 750 619 801 vincit
658 758 712 802 et
750 751 1091 821 captivorum
1132 753 1248 804 eius
1276 751 1498 804 vincula
1525 750 1788 804 dissolvit.
1840 749 1994 802 Haec
2031 757 2212 802 erutos

131 843 331 897 mundo
370 844 564 896 inserit
602 841 771 910 coe10,
832 851 886 894 et
924 851 1112 913 portae
1171 845 1330 897 inferi
1370 844 1633 898 adversus
1674 862 1794 896 eam
1833 842 2150 913 praevalere
2171 842 2212 914 ¹)

131 956 239 991 non
277 945 520 1009 possunt.
560 936 740 990 Tanta
779 939 923 990 enim
963 938 1226 991 divinitus
1268 938 1541 992 soliditate
1581 938 1790 991 munita
1843 946 1939 1005 est,
1998 944 2058 989 ut
2095 955 2215 989 eam

132 1050 310 1103 neque
348 1032 625 1085 haeretica
663 1050 921 1103 umquam
957 1050 1304 1102 corrumpere
1362 1034 1604 1103 pravitas
1663 1050 1766 1084 nec
1804 1050 2023 1102 pagana
2060 1038 2213 1102 potuz

134 1128 237 1180 erit
275 1145 532 1198 superare
570 1126 848 1197 perfidia„
920 1125 1029 1192 Qui
1067 1145 1197 1179 vere
1238 1135 1320 1179 est
1371 1125 1620 1180 sublimis
1660 1145 1832 1198 aeque
1872 1144 1935 1179 ac
1973 1124 2213 1178 luculen-

49 1236 53 1238 ·
133 1222 377 1275 tissimus
418 1240 593 1275 sermo
617 1221 661 1294 9)
703 1239 806 1292 quo
847 1220 1157 1274 declaratur

95 1383 99 1387 .
171 1390 177 1394 Ι
235 1310 238 1313 ’
310 1314 356 1368 1.
397 1303 983 1388 εοεΙθεὶαθΡθῐωῐηα
1022 1313 1240 1368 Christo
1280 1317 1478 1368 iactam
1516 1334 1625 1368 non
1665 1335 1783 1369 esse
1822 1317 1928 1368 nisi
1965 1315 2214 1370 Petrumt

93 1475 95 1478 ,
133 1409 441 1463 declaratur

305 1505 356 1560 2.
395 1503 547 1558 Petri
583 1506 738 1574 ratiO,
781 1524 888 1577 qua
927 1513 981 1559 et
1017 1513 1241 1577 propter
1281 1522 1445 1576 quam
1483 1510 1641 1580 petra
1679 1504 1826 1557 idem
1855 1503 2101 1556 exsistit:
2140 1504 2218 1555 ni—

132 1597 328 1651 mirum
384 1607 606 1669 petram
653 1619 773 1653 esse
830 1599 1068 1670 Petrum,
1125 1600 1255 1672 quia
1293 1608 1347 1653 et
1387 1608 1655 1671 quatenus
1713 1616 1898 1652 veram
1939 1598 2223 1669 profitetur

132 1690 324 1747 fidem:

254 1798 257 1802 ’
309 1790 358 1844 3.
396 1788 558 1843 huius
596 1789 722 1842 fidei
762 1782 1226 1861 professionisque
1283 1789 1433 1842 Petri
1490 1787 1754 1860 perfectio
1806 1786 2117 1840 declaratur
2170 1794 2224 1839 et

134 1886 499 1958 perpetuitas:
537 1892 651 1938 tum

307 1981 358 2034 4.
397 1980 570 2052 ipsius
608 1988 795 2052 petrae
855 1988 1109 2034 constans
1150 1981 1490 2052 perduratio:

311 2073 359 2127 5.
419 2071 663 2127 eiusdem
719 2075 802 2127 vis
861 2093 926 2127 ac
982 2076 1136 2143 ratio,
1201 2093 1307 2147 qua
1363 2074 1512 2127 Petri
1571 2091 1759 2127 omnes
1811 2073 2221 2148 praerogativas

139 2167 516 2240 complectitur
530 2188 542 2222 :
1409 2240 1415 2244 p

128 2253 130 2256 ’
290 2264 360 2330 ,6.
400 2262 547 2322 illius
606 2282 770 2317 causa
828 2263 1071 2323 efficiens
1129 2282 1239 2317 non
1297 2264 1474 2317 minus
1526 2281 1590 2315 ac
1628 2262 1919 2328 meritoria,
1962 2280 2101 2334 quae
2141 2268 2224 2315 est

143 2356 392 2412 Christus
417 2357 462 2430 ³)
502 2357 776 2412 Salvator:
818 2377 977 2430 porro

326 2607 360 2664 ¹)
390 2608 597 2650 Firmitas
641 2607 775 2661 igitur
822 2605 924 2647 fidei
954 2606 1073 2647 Petri
1105 2609 1182 2658 est,
1216 2618 1328 2660 quae
1358 2606 1405 2646 in
1434 2605 1585 2647 fideles
1616 2603 1845 2657 redundat,
1879 2617 2052 2660 quaque
2082 2605 2145 2657 fit,
2177 2608 2226 2646 ut

143 2681 226 2736 ipsi
259 2694 432 2735 quoque
461 2679 615 2721 fideles
647 2679 871 2720 exsistant.
1387 2730 1392 2732 ξ
1460 2718 1463 2722 ἡ

319 2752 356 2806 ²)
391 2753 474 2795 Oui
503 2753 579 2794 ille
609 2752 740 2807 plane
772 2751 926 2793 similis
959 2755 1040 2803 est,
1088 2753 1162 2805 qui
1206 2752 1429 2792 invenitur
1475 2764 1559 2792 ser.
1608 2751 1663 2793 V.
1717 2751 1791 2803 (al.
1822 2750 1918 2804 IV.)
1951 2764 2045 2805 cap.
2076 2748 2117 2794 4.
2151 2751 2226 2791 ubi

2374 2751 2454 2784 Leo.

143 2827 264 2869 venit
292 2826 349 2868 ad
380 2825 650 2878 „beatissimi
681 2824 939 2878 dignitatem
971 2824 1106 2874 Petri,
1150 2824 1226 2877 qui
1269 2823 1363 2864 sedi
1405 2836 1510 2863 suae
1541 2835 1744 2876 praeesse
1775 2836 1864 2864 non
1895 2822 2056 2865 desinit
2086 2827 2130 2864 et
2158 2825 2224 2865 in·
2242 2832 2336 2864 Petri
2356 2841 2434 2863 cum
2453 2833 2591 2862 aeterno

145 2899 350 2941 deficiens
381 2899 549 2940 obtinet
579 2911 677 2939 cum
710 2901 887 2938 aeterno
919 2897 1148 2937 sacerdote
1181 2896 1460 2938 consortium.
1500 2894 1706 2937 Soliditas
1738 2895 1856 2936 enim
1885 2895 1975 2947 illa,
2008 2909 2139 2950 quam
2173 2896 2227 2938 de

144 2975 270 3025 petra
286 2970 477 3023 Christo,
508 2971 639 3012 etiam
670 2972 764 3025 ipse
794 2974 919 3024 petra
949 2969 1090 3011 factus
1124 2971 1308 3024 accepit,
1341 2970 1387 3010 in
1419 2982 1518 3010 suos
1552 2981 1726 3022 quoque
1759 2981 1805 3010 se
1837 2968 2074 3010 transfudit
2103 2968 2227 3010 here·

147 3043 236 3094 des,
268 3051 311 3084 et
341 3043 593 3097 ubicunque
623 3042 791 3095 aliquid
831 3042 1082 3085 <ostenditur
1127 3041 1358 3093 firmitatis,
1405 3054 1493 3082 non
1539 3041 1669 3082 dubie
1701 3044 1884 3094 apparet
1913 3040 2122 3081 fortitudo
2151 3054 2227 3095 pa·

147 3116 286 3157 storis.
319 3107 434 3156 Nam
463 3115 502 3155 si
532 3114 735 3157 omnibus
775 3113 867 3155 fere
907 3113 1071 3167 ubique
1111 3114 1376 3167 martyribus
1413 3126 1491 3167 pro
1538 3117 1838 3166 susceptarum
1868 3112 2101 3154 tolerantia
2129 3125 2229 3167 pas·

148 3189 333 3239 sionum,
363 3187 447 3228 hoc
477 3186 534 3228 ad
563 3187 720 3231 merita
749 3186 943 3240 ipsorum
975 3187 1297 3229 manifestanda
1313 3186 1535 3227 ‘donatum
1561 3189 1639 3236 est,
1663 3189 1712 3226 ut
1733 3198 1859 3239 opem
1879 3184 2230 3239 periclitantibus

109 3258 112 3265 '
147 3258 277 3310 ferre,
307 3258 482 3300 morbos
528 3258 720 3313 abigere,
767 3259 1015 3300 immundos
1059 3246 1236 3314 spiritus
1281 3260 1445 3313 pellere
1491 3262 1534 3300 et
1563 3259 1816 3299 innumeros
1861 3257 2032 3311 possint
2077 3259 2231 3298 curare

149 3332 409 3384 1anguores;
443 3331 542 3384 quis
573 3329 738 3383 gloriae
769 3330 887 3371 beati
916 3330 1036 3371 Petri
1066 3335 1155 3372 tam
1185 3332 1413 3384 imperitus
1446 3330 1528 3372 erit
1550 3334 1626 3372 aut
1645 3333 1735 3370 tam
1757 3328 1933 3369 invidus
1963 3328 2230 3378 aestimator,

152 3404 228 3457 qui
257 3402 371 3443 ullas
416 3402 628 3443 ecclesiae
673 3405 820 3455 partes
871 3417 959 3445 non
1002 3404 1141 3458 ipsius
1171 3402 1482 3444 >sollicitudine
1513 3402 1621 3456 regi,
1668 3414 1757 3442 non
1797 3401 1937 3455 ipsius
1968 3413 2050 3455 ope
2082 3399 2233 3441 credat

153 3475 336 3529 augeri?
365 3474 500 3528 Viget
528 3487 708 3528 prorsus
739 3478 783 3515 et
812 3475 923 3515 vivit
952 3475 998 3516 in
1014 3475 1325 3529 Apostolorum
1355 3475 1552 3530 principe
1583 3474 1661 3514 illa
1691 3473 1777 3513 Dei
1822 3472 2135 3526 hominumque
2167 3472 2230 3513 di-

150 3546 293 3597 lectio,
341 3557 472 3599 quam
515 3558 605 3585 non
651 3545 842 3586 claustra
888 3546 1090 3596 carceris,
1136 3559 1225 3586 non
1271 3551 1465 3597 catenae,
1511 3558 1599 3586 non
1644 3544 1879 3598 populares
1908 3545 2112 3598 impetus,
2143 3558 2232 3586 non

153 3616 295 3658 minae
326 3617 473 3670 regiae
506 3621 831 3667 exterruerunt;
875 3622 918 3658 et
954 3618 1263 3672 insuperabilis
1304 3618 1427 3669 fides,
1461 3631 1573 3672 quae
1603 3617 1809 3658 bellando
1839 3630 1927 3657 non
1960 3618 2104 3669 cessit,
2136 3617 2230 3658 vin-

155 3689 292 3731 cendo
323 3703 411 3730 non
441 3690 623 3743 tepuit„
678 3689 963 3743 splendidum
1007 3691 1138 3744 plane
1176 3691 1358 3732 verbum
1399 3694 1444 3731 et
1485 3689 1677 3743 grande:
1731 3688 1848 3742 quod
1888 3689 2052 3730 dictum
2092 3691 2232 3744 videri

97 3786 100 3787 ν
156 3762 446 3804 confidentius
476 3766 638 3816 posset,
671 3763 756 3804 nisi
787 3762 830 3816 a)
863 3763 1010 3804 divino
1041 3754 1237 3804 veritatis
1269 3765 1551 3805 fundamento
1583 3763 1853 3814 inniteretur,
1885 3767 1930 3804 et
1948 3765 2034 3805 nisi
2063 3762 2109 3817 b)
2142 3763 2231 3804 dic-

156 3839 248 3876 tum
278 3834 389 3875 illud
421 3837 638 3875 constanti
667 3835 784 3876 facto
815 3836 970 3886 fuisset
1000 3836 1254 3889 probatum:
1287 3836 1363 3876 sed
1394 3837 1616 3876 enimvero
1659 3837 1701 3887 c)
1744 3835 1836 3876 dies
1868 3837 2080 3878 ecclesiae
2110 3836 2232 3877 nulla

157 3907 282 3948 verbi
311 3907 541 3948 veritatem
570 3909 791 3961 patentius
822 3908 1131 3948 manifestabat
1162 3921 1293 3961 quam
1324 3922 1546 3961 praesens,
1594 3922 1681 3963 qua
1709 3909 1815 3950 Pius
1846 3910 1922 3951 IX.
1956 3910 2074 3950 Petri
2105 3909 2230 3950 indu-

158 3982 228 4019 tus
257 3992 490 4032 personam
521 3979 672 4021 mundi
702 3979 980 4020 vacillantem
1011 3979 1255 4021 machinam
1279 3981 1398 4022 solus
1419 3994 1520 4022 vere
1541 3985 1665 4035 petra
1686 3982 1884 4025 sustinet.

155 4044 173 4054 “
336 4048 371 4104 ⁸)
402 4049 525 4092 Idem
553 4051 712 4105 repetit
742 4063 825 4093 ser.
857 4051 911 4094 V.
943 4051 1016 4105 (al.
1034 4040 1146 4106 '1V.)
1177 4065 1216 4093 c.
1246 4050 1288 4093 4.

2242 2876 2421 2908 sacerdote
2451 2884 2589 2906 consor-

2359 2920 2459 2952 tium.

2335 3923 2424 3955 Pius
2450 3924 2514 3957 IX.
