2716 4446
186 1721 190 1724 ·
226 1708 445 1744 Ambrosius.

165 2951 333 2991 Stephan.
370 2951 509 2986 dorene.

1390 217 1739 290 —188—

523 390 640 442 voS,
678 381 739 427 ut
776 366 1042 426 cribraret
1080 372 1222 426 sicut
1258 371 1528 441 triticum;
1568 390 1670 443 ego
1709 377 1892 425 autem
1929 371 2122 444 rogavi
2146 390 2244 443 pro
2271 381 2324 427 te
2361 370 2597 443 Patrem,

523 475 583 520 ut
619 486 729 520 non
768 465 986 519 deficiat
1022 464 1161 518 fides
1201 471 1310 534 tua,
1371 473 1425 518 et
1480 473 1540 518 tu
1597 483 1895 518 conversus
1935 465 2195 519 confirma
2232 467 2424 521 fratres
2461 475 2597 526 tuos

525 559 896 628 Considerate,
939 559 1260 628 charissimi,
1301 552 1428 630 quia
1466 559 1669 613 veritas
1707 560 1925 612 mentiri
1962 578 2071 612 non
2097 561 2287 631 potuit,
2325 580 2428 614 nec
2463 561 2600 616 fides

521 656 669 709 Petri
705 656 762 707 in
801 659 1082 708 aeternum
1124 655 1371 725 quassari
1426 655 1624 724 poterit
1680 654 1770 707 vel
1807 655 2030 707 mutari:
2088 673 2212 706 nam
2253 673 2376 708 cum
2414 673 2601 708 omnes

522 749 822 820 discipulos
862 748 1111 802 diabolus
1166 748 1236 801 ad
1293 748 1643 802 cribrandum
1683 750 2010 820 poposcerit,
2050 767 2148 820 pro
2189 749 2303 802 solo
2343 750 2502 802 Petro
2543 767 2600 801 se

520 844 791 897 Dominus
829 861 1052 913 rogasse
1091 849 1337 907 testatur,
1392 850 1446 896 et
1483 842 1552 895 ab
1605 862 1667 896 eo
1709 843 1882 896 voluit
1920 850 2129 897 ceteros
2169 843 2474 912 confimari;
2514 844 2604 896 cui

522 940 686 991 etiam
724 957 821 1008 pro
861 938 1054 992 maiori
1091 938 1382 992 dilectione
1423 957 1585 1009 quam
1624 957 1753 1009 prae
1794 941 1988 991 ceteris
2027 938 2263 991 Domino
2290 936 2600 1011 exhibebat,

520 1032 918 1104 pascendarum
976 1034 1160 1086 ovium
1190 1032 1228 1106 ¹)
1289 1032 1596 1086 sollicitudo
1654 1033 1944 1086 commissa
1999 1041 2109 1085 est:
2170 1033 2258 1085 cui
2314 1040 2368 1085 et
2418 1031 2601 1085 claves

520 1128 677 1197 regni
717 1126 992 1181 coelorum
1031 1127 1286 1196 tradidit3
1329 1135 1383 1180 et
1422 1146 1586 1198 super
1625 1145 1787 1198 quem
1827 1127 2118 1180 ecclesiam
2160 1117 2323 1180 suam⁹
2352 1126 2601 1199 aedifica-

519 1229 701 1275 turum
741 1241 799 1275 se
828 1240 948 1275 esse
987 1222 1237 1293 promisit
1260 1221 1321 1294 ⁹),
1362 1240 1463 1275 nec
1483 1231 1666 1293 portas
1693 1221 1892 1274 inferni
1917 1222 2180 1274 adversus
2219 1240 2340 1275 eam
2377 1239 2601 1292 praeva-

519 1316 632 1370 lere
671 1325 901 1388 testatus
942 1325 1076 1385 est.„
1119 1316 1334 1383 Quibus
1359 1335 1468 1370 non
1494 1318 1674 1370 minus
1700 1315 1865 1369 realis
1892 1317 2057 1369 trium
2095 1315 2335 1370 locorum
2362 1316 2439 1387 ³),
2466 1333 2602 1388 quos

521 1410 782 1464 classicos
821 1419 1035 1478 vocant,
1076 1410 1475 1483 parallelismus
1517 1429 1679 1482 quam
1730 1410 1987 1479 formalis,
2047 1410 2292 1482 adeoque
2347 1412 2602 1482 perennis

519 1507 732 1559 romani
769 1505 1108 1558 fundamenti
1147 1514 1201 1558 et
1238 1505 1488 1575 pastoris,
1530 1504 1623 1576 qui
1661 1506 1719 1557 in
1745 1504 1894 1558 Petri
1931 1504 2109 1559 locum
2150 1506 2408 1576 succedit,
2445 1505 2601 1560 infal-

521 1598 746 1653 libilitas
786 1601 843 1653 vi
880 1600 1192 1653 meritoriae
1232 1599 1492 1652 orationis
1534 1598 1739 1652 Christi
1777 1598 2001 1653 Domini
2041 1601 2390 1671 significatur.

692 1715 815 1770 202.
855 1716 926 1768 Et
965 1715 1302 1786 significatur
1355 1717 1560 1786 pariter
1596 1715 1761 1786 idque
1818 1714 1988 1768 multo
2046 1717 2209 1769 etiam
2265 1724 2427 1770 antea
2447 1717 2492 1788 ⁴¹)
2532 1716 2602 1769 ab

519 1808 811 1863 Ambrosio
852 1810 919 1863 de
962 1811 1019 1864 vi
1058 1809 1364 1863 dominicae
1404 1810 1663 1863 orationis
1690 1808 2018 1862 disserente:
2071 1808 2374 1881 „Denique,
2413 1811 2504 1878 ait,
2543 1817 2605 1862 ut

522 1905 678 1972 scias,
719 1905 848 1976 quia
887 1903 1188 1957 secundum
1245 1903 1521 1957 hominem
1577 1912 1748 1974 rogat,
1807 1903 2091 1957 divinitate
2147 1904 2394 1974 imperat,
2433 1902 2602 1956 habes

518 1999 575 2051 in
615 1997 920 2069 evangeliO,
982 1999 1110 2070 quia
1163 1997 1325 2050 Petro
1384 1997 1554 2050 dixit:
1612 1997 1826 2067 Rogavi
1883 2016 1980 2068 pro
2031 2006 2101 2065 te,
2141 2003 2202 2049 ut
2238 2016 2347 2050 non
2385 1996 2604 2050 deficiat

518 2092 656 2145 fides
695 2100 805 2148 tua.
845 2092 1041 2145 Eidem
1080 2100 1263 2145 autem
1303 2111 1467 2162 supra
1505 2091 1737 2144 dicenti:
1779 2091 1864 2146 Tu
1890 2110 1948 2144 es
1978 2090 2243 2159 ChristuS,
2281 2090 2456 2144 Filius
2493 2090 2605 2144 Dei

519 2187 649 2255 vivi,
690 2186 997 2258 respondit:
1055 2185 1141 2238 Tu
1199 2204 1257 2238 es
1314 2184 1525 2253 PetruS,
1585 2192 1638 2237 et
1676 2202 1840 2255 super
1877 2184 2016 2236 hanc
2053 2193 2265 2254 petram
2303 2184 2602 2238 aedificabo

522 2280 813 2334 ecclesiam
853 2300 1060 2349 meam,
1118 2288 1172 2333 et
1211 2279 1310 2333 tibi
1368 2279 1510 2332 dabo
1552 2278 1737 2332 claves
1775 2280 1934 2348 regni
1974 2278 2266 2334 coelorum.
2327 2278 2474 2356 Ergo
2515 2280 2604 2334 cui

521 2376 745 2446 propria
784 2375 1105 2428 auctoritate
1144 2388 1374 2444 regnum
1402 2372 1584 2438 dabat,
1613 2372 1773 2425 huius
1800 2372 1963 2425 fidem
1989 2372 2203 2426 firmare
2230 2392 2338 2427 non
2362 2380 2601 2444 poterat:

528 2488 690 2540 quem
750 2489 916 2541 quum
972 2477 1183 2539 petram
1246 2468 1411 2536 dicit,
1473 2467 1871 2538 firmamentum
1933 2467 2205 2520 ecclesiae*
2261 2467 2524 2521 indicavit
2540 2467 2602 2536 ἢ,

526 2564 823 2634 Quousque
862 2563 1028 2633 igitur
1064 2581 1320 2615 romanus
1361 2563 1651 2633 episcopus
1694 2559 1899 2613 Christi
1935 2580 2159 2631 regnum
2200 2561 2511 2615 moderatur
2545 2562 2630 2614 in*

521 2660 680 2712 terris
723 2657 949 2727 eiusque
989 2658 1147 2726 regni
1205 2655 1390 2710 claves
1446 2663 1611 2723 tenet,
1670 2673 1733 2708 eo
1791 2673 1966 2726 usque
2023 2655 2174 2708 fides
2197 2655 2340 2709 illius
2377 2664 2602 2727 rogante

525 2752 744 2805 Christo
782 2752 941 2804 firma
978 2758 1176 2803 manet.
1237 2749 1347 2803 Sed
1395 2748 1566 2802 multo
1591 2740 1594 2743 ’
1624 2747 1951 2819 plaeclarius
1990 2749 2229 2820 idipsum
2268 2749 2604 2820 significatur

523 2847 741 2898 nomine
780 2847 1063 2918 utriusque
1101 2846 1297 2916 plagae
1337 2853 1449 2898 tam
1487 2843 1767 2897 orientalis
1795 2862 1955 2914 quam
1995 2843 2344 2896 occidentalis
2383 2844 2439 2895 in
2477 2861 2600 2916 con,-

526 2939 652 2993 cilio
691 2940 1024 2995 lateranensi
1048 2943 1092 3014 ⁵)
1133 2962 1165 2994 a
1203 2941 1478 3012 Stephano
1519 2940 1754 3008 dorensi,
1798 2941 1952 2993 cuius
1991 2938 2236 2992 libellum
2274 2938 2377 3007 „de
2404 2945 2600 3009 graec'o

524 3035 584 3087 in
622 3034 848 3088 latinam
887 3035 1130 3106 linguam
1169 3037 1587 3106 interpretatum
1623 3035 1949 3088 Anastasius
1986 3034 2226 3087 notarius
2264 3016 2615 3102 regionarius

525 3128 859 3198 apostolicae
919 3129 1064 3182 sedis
1122 3127 1355 3198 relegit„
1413 3127 1510 3181 ubi
1565 3130 1708 3182 inter
1745 3127 1916 3183 multa
1971 3127 2040 3179 ad
2076 3146 2193 3179 rem
2229 3125 2511 3197 praeclara
2548 3131 2602 3178 et

524 3221 621 3274 illa
657 3222 928 3294 leguntur,
970 3241 1109 3294 quae
1150 3223 1427 3292 superiore
1455 3222 1594 3276 libro
1618 3222 1664 3295 θ)
1705 3223 2028 3293 deprompta
2051 3219 2387 3298 amplissime
2411 3217 2599 3271 habes·

702 3522 736 3577 ¹)
766 3523 897 3564 Joan.
930 3523 1053 3567 XXI.

702 3594 736 3647 ²)
767 3595 923 3636 Matth.
956 3595 1074 3635 XVI.
2178 3633 2181 3634 γ

704 3667 737 3722 ³)
769 3668 869 3709 Una
899 3681 952 3708 ac
983 3667 1249 3708 coniunctim
1278 3667 1442 3720 pariter
1473 3665 1712 3720 Gregorius
1733 3665 1794 3707 M.
1825 3666 1910 3706 tria
1938 3664 2014 3705 illa
2044 3661 2222 3705 oracula
2250 3660 2470 3716 adlegavit
2498 3671 2598 3715 opp.

446 3768 450 3770 ἡ
525 3738 555 3779 l·
586 3739 685 3782 VII.
717 3753 786 3793 ep.
817 3737 890 3782 40.
922 3752 992 3792 ap.
1023 3739 1160 3792 Mign.
1193 3738 1270 3782 lat.
1312 3739 1399 3778 PP.
1442 3742 1474 3781 t.
1518 3736 1585 3779 77.
1617 3751 1660 3790 p.
1703 3735 1806 3779 899.
1840 3736 1870 3779 1.
1903 3750 1939 3779 S.
1973 3749 2009 3778 c.
2040 3740 2132 3804 tum
2162 3734 2412 3774 Hadrianus
2443 3745 2512 3785 ep.
2541 3731 2598 3772 ad

529 3810 734 3851 Carolum
764 3811 826 3854 M,
858 3824 931 3864 ap.
961 3811 1177 3853 Harduin.
1212 3810 1380 3851 collect.
1415 3810 1568 3852 concil.
1600 3814 1632 3852 t.
1662 3810 1739 3852 IV.
1773 3823 1818 3862 p.
1851 3807 1948 3850 774.

704 3881 737 3936 ⁴)
770 3883 836 3922 De
866 3882 951 3922 fide
980 3882 1012 3925 l.
1044 3873 1118 3924 IV.
1154 3895 1191 3922 c.
1221 3880 1263 3924 5.
1298 3895 1396 3934 opp.
1438 3885 1468 3922 t.
1499 3882 1582 3924 111.
1622 3895 1663 3934 p.
1697 3878 1797 3921 531.

705 3951 740 4008 ⁵)
771 3954 985 3998 Secretar.
1018 3955 1075 3994 II.
1108 3968 1177 4007 ap.
1208 3954 1424 3998 Harduin.
1455 3958 1485 3995 t.
1518 3954 1596 3994 ΙΙΙ.
1631 3967 1703 4007 pp.
1737 3951 1836 3996 711.
1868 3965 1965 4006 sqq.

706 4023 739 4081 6)
773 4025 823 4071 C.
856 4027 932 4071 IV.
965 4024 1006 4067 3.
1038 4040 1109 4080 pp.
1145 4024 1243 4069 159.
1276 4039 1340 4080 sq.
