2626 4432
57 2023 284 2068 Reliyiom's
293 2024 394 2067 pub-

18 2120 22 2124 ,
54 2075 157 2110 lic-ae
213 2075 393 2109 necessi-

193 2126 273 2160 las.

1261 208 1621 263 ..26-

419 378 577 445 igitur
613 374 866 426 naturalis
921 385 1128 438 quoque
1178 366 1442 417 hominum
1502 366 1732 418 societas
1784 365 1899 416 sine
1939 366 2200 432 religione
2249 368 2476 436 ejusque

420 469 555 521 cultu
590 465 606 496 ¹
648 482 816 531 neque
853 463 1022 531 possit
1063 475 1236 524 neque
1286 457 1546 509 exsistere
1597 457 1816 508 debeat:
1868 456 2002 508 haec
2039 458 2156 524 ipsa
2207 459 2480 511 societatis

419 562 674 612 humanae
712 556 876 607 facies
914 571 1012 620 per
1038 552 1267 602 divinam
1308 550 1450 601 illam
1489 549 1870 600 institutionem
1909 550 2217 615 religiosam
2258 551 2482 604 immen-

416 668 527 703 sum
568 647 881 717 provehitur
909 641 946 712 ²,
995 643 1288 707 exaltatur,
1342 656 1680 709 superneque
1731 641 2042 693 absolvitur.
2109 640 2327 696 Scilicet
2373 660 2478 712 quo

414 749 572 811 pacto
611 740 905 808 generatim
945 735 1366 805 supernaturalis
1398 735 1534 786 ordo
1560 749 1619 786 se
1646 734 1811 787 habet
1849 733 1916 786 ad
1945 735 2258 804 naturalem,
2298 753 2480 804 quem·
2547 792 2550 795 ,

414 852 515 902 que
554 836 603 885 in
645 833 852 886 modum
893 833 981 884 ille
1020 827 1366 897 excipiendus
1406 829 1473 879 ab
1519 827 1624 879 isto
1665 833 1771 893 est3
1808 819 1889 905 „ita
1936 830 2211 898 speciatim
2252 831 2480 884 humana

413 929 639 980 societas
690 943 793 993 qua
840 925 1155 978 naturaliter
1206 921 1459 988 religiosa
1516 927 1600 971 est
1663 920 1731 972 ad
1784 937 2100 991 supernam,
2162 925 2479 978 catholicam

412 1037 632 1087 eamque
671 1034 937 1071 romanam
979 1017 1289 1083 religionem
1329 1014 1690 1080 unitatemque
1729 1015 1994 1070 referatur
2021 1033 2248 1085 seseque
2285 1019 2480 1072 habeat

412 1120 648 1183 oportet:
712 1113 953 1180 adeoque
1009 1126 1114 1163 non
1166 1108 1457 1161 avulsionis
1509 1108 1607 1159 sed
1667 1110 2045 1178 copulationis
2079 1112 2290 1164 habitus
2338 1113 2479 1166 inter

413 1215 685 1272 utramque
723 1204 1019 1258 intercedat
1056 1218 1281 1255 necesse
1320 1207 1429 1253 est:
1468 1202 1556 1268 qui
1589 1217 1722 1254 vero
1749 1202 2030 1255 humanam
2072 1205 2383 1257 societatem
2410 1208 2478 1258 ab

411 1298 775 1352 ecclesiastica
826 1296 1062 1349 avellere
1113 1311 1178 1348 ac
1226 1311 1485 1363 separare
1536 1301 1825 1369 conantur,
1886 1296 1921 1347 ii
1968 1297 2020 1348 in
2067 1297 2254 1349 ordine
2293 1286 2478 1351 sociali

410 1391 548 1443 idem
588 1407 749 1457 agere
789 1394 1064 1457 satagunt,
1104 1389 1244 1456 quod
1283 1389 1334 1440 in
1362 1388 1549 1440 ordine
1588 1388 1887 1441 theoretico
1914 1394 1969 1441 et
1995 1389 2236 1457 practico
2271 1392 2338 1443 ab
2372 1391 2478 1443 illis

412 1483 771 1548 contenditur,
812 1483 899 1549 qui
938 1465 970 1534 a
1007 1483 1212 1535 ratione
1252 1489 1410 1550 atque
1449 1488 1639 1535 natura
1689 1481 2137 1550 superrationalia
2177 1499 2242 1535 ac
2281 1501 2475 1552 super-

410 1577 669 1629 naturalia
701 1574 1002 1629 excludunt.

408 1781 499 1834 XI.
541 1783 780 1873 Humana
844 1785 1063 1834 societas
1116 1784 1227 1833 iure
1278 1784 1501 1830 naturae
1552 1779 1784 1831 absoluto
1834 1778 2102 1852 religiosa,
2157 1778 2476 1846 hypothetico

1176 1872 1688 1925 catholico-romana.

554 2002 634 2056 39.
675 2002 1032 2070 Parergon.
1097 2002 1230 2055 Jure
1279 2016 1407 2053 sane
1440 2004 1671 2052 naturae
1717 1999 1792 2051 uti
1836 1999 2033 2067 singuli
2080 1999 2355 2066 homineS,
2399 2000 2475 2052 ita

408 2095 669 2147 hominum
711 2095 943 2148 societas
981 2094 1050 2146 ad
1077 2091 1430 2146 exhibendam
1458 2090 1573 2143 Deo
1605 2090 1918 2158 religionem
1945 2090 2212 2159 publicam
2241 2093 2474 2150 obstrin-

407 2189 561 2255 gitur.
639 2187 812 2240 Certis
863 2188 1187 2256 argumentis
1244 2192 1519 2252 utrumque
1557 2186 1625 2237 ab
1663 2184 1767 2235 illis
1808 2183 2112 2252 conficitur,
2161 2186 2249 2253 qui
2297 2186 2474 2240 officia

400 2281 535 2347 juris
574 2282 828 2333 naturalis
861 2279 883 2312 3
922 2286 1175 2357 enarrant
1217 2287 1376 2347 atque
1415 2279 1797 2332 demonstrant.
1872 2279 1984 2331 Nos
2024 2279 2090 2332 de
2129 2281 2474 2348 obligatione,

405 2547 494 2577 non
527 2533 722 2578 destruit
752 2537 982 2589 naturam,
1029 2534 1110 2576 sed
1142 2530 1345 2590 perficit,
1389 2536 1437 2576 et
1469 2532 1683 2578 Christus
1722 2545 1813 2576 non
1846 2531 2085 2588 prohibuit
2123 2532 2244 2576 hunc
2284 2533 2466 2577 modum

406 2605 663 2662 regiminis3
695 2605 771 2648 ubi
800 2606 916 2649 enim
949 2610 1018 2649 est
1042 2605 1330 2662 prohibitio?
1362 2604 1564 2648 Tandem
1594 2604 1692 2647 sine
1716 2607 1952 2660 potestate
1979 2604 2227 2662 temporali
2260 2609 2307 2649 et
2339 2605 2468 2649 civili

405 2692 495 2721 non
526 2682 686 2735 posset
723 2679 945 2735 spiritalis
989 2680 1104 2723 ordo
1144 2684 1190 2722 et
1226 2677 1430 2736 regimen
1470 2677 1659 2735 protegi
1703 2677 1781 2722 vel
1823 2677 2114 2733 conservari,
2163 2682 2212 2721 ut
2257 2678 2361 2735 ipsa
2392 2691 2470 2722 ex-

406 2750 630 2806 perientia
654 2750 810 2794 docet:
858 2751 972 2794 unde
1005 2752 1194 2809 egregie
1225 2750 1339 2793 dixit
1370 2750 1686 2796 Nazianzenus
1731 2750 1854 2794 dicta
1887 2755 2005 2794 orat.
2041 2753 2108 2794 17.
2141 2751 2472 2796 Submittamus

408 2836 492 2866 nos
527 2827 620 2866 tum
651 2823 746 2866 Deo
778 2829 870 2867 tum
901 2824 1003 2867 aliis
1043 2829 1135 2867 tum
1169 2823 1225 2866 iis
1268 2823 1346 2880 qui
1376 2823 1615 2881 imperium
1662 2824 1706 2867 in
1739 2827 1868 2866 terra
1911 2827 2105 2881 gerunt:
2152 2824 2250 2868 Deo
2292 2824 2472 2881 quidem

409 2895 618 2938 omnibus
651 2895 704 2938 de
730 2896 894 2951 causis,
927 2896 1007 2939 alii
1038 2902 1187 2940 autem
1220 2896 1325 2940 aliis
1351 2899 1548 2952 propter
1573 2893 1784 2938 caritatis
1818 2891 2010 2950 foedus,
2042 2895 2324 2953 principibus
2349 2895 2469 2939 deni-

407 2980 493 3022 que
524 2970 716 3024 propter
749 2968 951 3012 ordinem
982 2969 1284 3026 publicaeque
1318 2967 1588 3024 disciplinae
1621 2967 1890 3023 rationem„

526 3040 541 3066 1
572 3039 637 3082 De
669 3053 757 3096 quo
789 3041 835 3082 in
867 3041 1045 3085 scholio
1076 3042 1295 3098 sequenti.
2240 3083 2243 3086 .

525 3110 542 3136 ²
573 3110 668 3153 Huc
699 3111 834 3156 etiam
865 3117 1046 3168 spectat
1078 3113 1133 3156 cl.
1166 3112 1384 3170 Manning
1422 3113 1492 3156 vir
1533 3112 1747 3156 doctrina
1779 3124 1924 3168 aeque
1964 3125 2020 3155 ac
2058 3111 2231 3168 pietate
2271 3109 2468 3168 insignis

405 3182 451 3224 in
483 3195 638 3238 opusc.
684 3183 738 3226 de
771 3185 1043 3229 antichristo
1084 3186 1303 3243 praelect.
1335 3186 1406 3229 Ill.
1447 3198 1488 3241 p.
1521 3187 1577 3229 58
1609 3199 1703 3242 sqq.
1751 3189 1844 3229 tum
1890 3175 2108 3242 Hetfings
2139 3198 2208 3229 or.
2252 3184 2380 3228 acad.
2415 3184 2470 3227 de

409 3254 653 3311 organism.
689 3256 968 3313 disciplinar.
997 3259 1233 3302 universit.

525 3326 542 3355 ³
572 3325 641 3371 Cf.
672 3327 785 3370 iuris
816 3333 1007 3373 naturae
1045 3335 1091 3374 et
1121 3331 1325 3389 gentium
1356 3332 1584 3389 principia
1607 3336 1656 3377 et
1687 3329 1902 3376 officia..
1934 3331 2168 3388 explicata
2192 3330 2311 3374 doct.
2341 3330 2468 3382 exim,

407 3398 655 3444 Francisco
672 3399 847 3444 Suarez
871 3400 918 3446 S.
942 3402 982 3446 J.
1007 3403 1200 3460 digessit
1223 3405 1435 3461 notisque
1459 3404 1697 3461 perpetuis
1727 3403 1986 3448 illustravit
2001 3404 2102 3448 Joh.
2121 3405 2254 3461 Bapt.
2281 3403 2471 3469 Guarini

407 3470 453 3514 S.
488 3471 527 3514 J.
566 3471 675 3514 coll.
713 3472 878 3515 Becan.
922 3487 1077 3530 opusc.
1112 3475 1186 3518 V1.
1232 3476 1369 3519 duell.
1412 3477 1466 3520 de
1507 3477 1690 3532 primat.
1722 3490 1820 3534 reg.
1860 3489 1898 3519 c.
1930 3479 1970 3520 2.
2022 3468 2210 3521 Suares.
2244 3476 2301 3519 de
2331 3475 2466 3533 relig.

408 3545 465 3586 tr.
498 3542 527 3585 1.
561 3547 608 3586 et
651 3544 707 3587 de
753 3544 892 3602 legib.
936 3546 965 3588 l.
1002 3547 1071 3590 lll.
1103 3560 1138 3590 c.
1174 3550 1238 3591 12.
1279 3563 1318 3592 n.
1343 3551 1383 3592 9.
1424 3549 1480 3591 de
1519 3553 1759 3606 potestate
1795 3549 2064 3607 legislativa
2106 3549 2362 3593 societatis·
2389 3561 2469 3591 na-

409 3615 574 3658 turalis
617 3615 859 3674 itidemque
897 3618 1044 3662 civilis
1075 3622 1142 3663 ita
1174 3621 1331 3665 habet:
1378 3622 1469 3677 „De
1502 3622 1640 3665 rebus
1672 3622 2015 3678 pertinentibus
2047 3621 2105 3664 ad
2134 3623 2282 3664 Deum
2307 3614 2463 3663 curam

406 3686 663 3732 habuerunt
693 3689 823 3747 leges
855 3691 1016 3734 civiles
1049 3692 1185 3737 ductu
1214 3697 1432 3749 naturae,
1464 3695 1572 3751 quia
1606 3695 1954 3738 observantiam
1978 3693 2222 3750 religionis
2246 3693 2469 3747 putarunt

407 3771 583 3815 semper
614 3761 672 3804 ad
701 3762 1060 3807 incolumitatem
1090 3765 1371 3821 reipublicae
1402 3766 1596 3810 maxime
1629 3767 1885 3823 pertinere:
1919 3766 2035 3809 unde
2068 3765 2236 3821 opinor
2267 3764 2313 3805 in
2337 3765 2466 3806 statu
2527 3771 2533 3785 ¹

407 3843 548 3885 purae
579 3837 800 3890 naturae,
842 3835 883 3878 si
913 3836 957 3879 in
990 3836 1071 3880 illo
1104 3843 1228 3882 esset
1270 3853 1343 3883 res
1383 3840 1569 3896 publica
1600 3853 1760 3883 verum
1792 3841 1934 3882 Deum
1982 3836 2259 3881 naturaliter
2291 3834 2466 3889 colens,

408 3902 613 3956 potuisse
643 3904 774 3962 leges
805 3907 966 3951 civiles
998 3910 1246 3966 prohibere
1278 3917 1325 3956 et
1355 3914 1518 3969 punire
1551 3913 1773 3957 docentes
1804 3912 1975 3955 cultum
1998 3907 2226 3952 falsorum
2250 3907 2466 3962 Deorum,

409 3977 487 4016 aut
516 3971 660 4019 falsas
692 3978 931 4034 opiniones
964 3981 1018 4024 de
1048 3982 1142 4027 Deo
1175 3988 1222 4028 et
1252 3985 1431 4029 similia.
1510 4011 1514 4012 ν
