2716 4446
1401 186 1732 246 -200-

707 333 830 385 216.
869 330 934 383 Id
973 331 1118 402 quod
1157 329 1410 383 omnibus
1447 331 1734 384 veritatem
1761 331 1949 384 videre
1977 331 2322 401 cupientibus
2359 333 2436 384 ita
2473 332 2610 385 sem-

219 435 491 476 Ge0r9·tra12⁶2·
534 445 632 496 per
670 433 1007 494 compertum
1046 431 1162 476 erat
1201 431 1255 476 et
1293 423 1655 495 exploratum,
1696 432 1755 476 ut
1783 422 2054 495 Georgius
2081 426 2451 496 trapezuntius
2489 443 2610 478 con·

217 713 395 754 Euqeniuae
410 711 475 744 IV.

267 1575 446 1606 lrenaeue.

312 1948 390 1980 Leo.

280 3046 432 3079 Clemens
453 3048 486 3082 I.

283 3270 458 3305 Galaesus.

282 3627 400 3667 Pelaq.
419 3626 473 3660 11.

258 3837 482 3878 Chrymtom.

534 518 710 570 fessus
749 516 927 569 denuo
969 517 1067 568 sit:
1129 515 1585 584 „Successoribus
1632 535 1759 588 ergo
1799 537 1897 588 per
1933 517 2152 571 Petrum
2191 518 2548 572 demandatur
2569 517 2610 589 ¹)

537 610 681 682 quod
740 618 794 662 et
851 610 1170 679 saepissime
1229 617 1283 662 et
1339 611 1604 662 anteactis
1654 610 1992 680 temporibus
2033 610 2233 678 factum
2271 610 2519 682 legimus,
2558 620 2611 666 et

535 712 721 757 nostra
757 703 861 756 hac
917 711 1111 770 aetate,
1171 711 1432 774 quantum
1490 722 1721 773 magnus
1759 703 2042 774 Eugenius
2081 704 2318 758 studium
2354 705 2611 775 posuerit,

535 806 595 850 ut
631 799 686 849 in
726 815 892 849 unum
932 797 1208 867 dispersas
1248 796 1513 850 ecclesias
1550 796 1838 868 redigeret,
1879 806 1932 850 et
1968 798 2243 851 nationem
2280 804 2517 851 nostram
2556 798 2613 851 in

535 890 842 943 libertatem
886 890 1208 959 vindicaret,
1249 909 1437 943 omnes
1484 891 1590 943 iam
1646 890 1815 961 probe
1855 892 2070 944 tenetis.
2127 891 2247 943 Hae
2284 891 2492 944 ratione
2529 909 2610 944 ro-

535 1003 697 1036 mana
735 983 970 1036 ecclesia
1010 985 1229 1053 saepius
1269 1001 1538 1036 conversa
1595 982 1729 1036 alias
1770 983 2136 1037 confirmavit:
2194 991 2250 1037 at
2286 983 2435 1036 illam
2473 983 2611 1037 aliae

535 1096 848 1148 numquam.
891 1076 1278 1147 Quapropter?
1329 1077 1490 1143 Quod
1531 1077 1788 1130 Servator
1828 1077 1929 1131 soli
1966 1077 2242 1131 Romanae
2279 1076 2336 1131 id
2373 1078 2612 1130 muneris

537 1171 779 1242 largitur,
822 1189 944 1222 cum
984 1177 1231 1240 rogasset
1268 1176 1328 1222 ut
1364 1169 1542 1236 hom0‚
1582 1188 1650 1222 ne
1691 1169 1947 1223 deficeret
1983 1171 2118 1223 fides
2157 1170 2356 1240 illius.„

709 1285 833 1339 217.
872 1283 1121 1336 Profecto
1162 1290 1365 1354 quanta
1418 1281 1553 1335 illud
1605 1282 1889 1352 diligentia
1926 1302 1990 1336 ac
2030 1303 2160 1338 cura
2198 1285 2498 1347 ab,iisdem
2535 1287 2612 1339 in*

537 1378 741 1448 pletum
800 1377 1001 1447 iugiter
1056 1375 1252 1443 fuerit„
1297 1383 1351 1428 et
1406 1383 1759 1428 monumenta
1799 1376 2150 1430 conciliorum
2189 1379 2524 1448 patefaciunt
2560 1386 2615 1433 et

538 1472 863 1524 documenta
901 1470 1243 1540 potissimum
1289 1488 1547 1523 romanae
1602 1477 1871 1523 testantur
1920 1470 2203 1540 ecclesiae,
2244 1472 2441 1544 quibus
2478 1472 2613 1527 illud

540 1572 852 1619 constanter
906 1565 1183 1634 repetitur,
1244 1564 1390 1635 quod
1444 1564 1511 1617 de
1565 1563 1846 1617 Clemente
1897 1566 2071 1635 primo
2111 1568 2219 1618 iam
2241 1565 2285 1638 ³)
2325 1565 2612 1620 Irenaeus:

544 1659 660 1727 „Ita
698 1666 758 1711 ut
795 1677 866 1711 ex
903 1676 1139 1728 persona
1177 1647 1443 1710 romanae*
1473 1657 1740 1711 ecclesiae
1782 1657 2046 1711 scriberet
2097 1661 2212 1729 ipse
2252 1658 2506 1713 Clemens
2543 1659 2613 1713 ad

542 1751 852 1804 Corinthios
909 1750 1194 1822 epistolam
1251 1753 1633 1819 necessariam,
1694 1770 1833 1822 quae
1860 1790 1872 1803 .
1901 1794 1915 1806 .
1944 1793 1956 1805 .
1996 1751 2158 1805 fidem
2216 1770 2417 1821 eorum,
2474 1771 2614 1824 quae

541 1864 778 1897 excussa
815 1845 1007 1912 fuerat,
1047 1851 1404 1913 renovaret„:
1462 1844 1714 1916 quodque
1765 1844 1835 1897 ad
1871 1845 2155 1898 universos
2195 1846 2482 1917 episcopos
2518 1865 2617 1918 per

542 1939 782 1992 Siciliam
819 1939 1144 1992 ‘constitutos
1185 1939 1403 2009 scripsit
1426 1938 1471 2009 ³)
1510 1937 1652 1992 Leo:
1696 1938 1949 2008 „Divinis
1976 1940 2284 2010 praeceptis
2311 1948 2365 1994 et
2401 1947 2613 2012 aposto-

541 2032 661 2086 licis
699 2033 914 2086 monitis
954 2035 1261 2101 incitamur,
1301 2042 1360 2086 ut
1396 2051 1493 2103 pro
1533 2033 1772 2086 omnium
1812 2032 2164 2086 ecclesiarum
2204 2041 2348 2087 statu
2384 2033 2613 2104 impigro

541 2126 832 2197 vigilemus
888 2127 1101 2196 affectu,
1161 2145 1226 2180 ac
1282 2126 1328 2178 si
1384 2127 1515 2198 quid
1574 2145 1802 2198 usquam
1858 2126 2278 2198 reprehensione
2339 2127 2616 2180 invenitur

542 2220 855 2289 obnoxium,
897 2220 1063 2273 celeri
1103 2219 1468 2274 sollicitudine
1507 2229 1601 2274 aut
1638 2219 1708 2273 ab
1746 2221 2086 2291 ignorantiae
2125 2221 2413 2292 imperitia,
2453 2227 2547 2273 aut
2583 2239 2617 2274 a

722 2466 755 2523 ¹)
787 2470 855 2510 De
885 2482 987 2518 una,
1028 2472 1192 2519 sancta,
1236 2467 1452 2509 catholica
1497 2467 1684 2509 ecclesia
1729 2467 1757 2508 l.
1805 2480 1842 2510 c.
1880 2481 1922 2521 p.
1953 2465 2054 2513 551.
2108 2468 2214 2510 Τοῖς
2245 2463 2494 2516 διαδόχοις
2523 2461 2617 2522 ἄρα

543 2540 685 2581 tofto
721 2537 802 2580 διὰ
833 2541 921 2581 τοῦ
951 2541 1133 2596 Πέτρου
1166 2540 1477 2581 ἐπιτέτακται.
1519 2534 1666 2595 ’Ὅπερ
1714 2537 1928 2582 πολλάκις
1971 2539 2051 2586 μὲν
2082 2539 2158 2579 καὶ
2187 2537 2415 2595 πρότερον
2444 2537 2617 2592 γεγενῆ·
2654 2534 2663 2542 ’

546 2618 660 2653 σθαι
693 2608 949 2663 ἀνέγνωμεν,
983 2612 1058 2652 καὶ
1090 2607 1152 2660 εφ’
1190 2607 1307 2666 ἡμῶν
1353 2611 1404 2652 δὲ
1451 2606 1559 2665 ὅσην
1601 2607 1903 2662 κατεβάλλετο
1948 2609 2160 2662 Εὐγένιος
2192 2607 2219 2652 0‘
2247 2611 2385 2661 μέγας
2413 2606 2620 2664 σπουδὴν

548 2685 609 2729 εἷς·
639 2682 692 2726 τό
727 2685 770 2726 ἓν
803 2682 995 2730 συνάξαι
1024 2680 1106 2727 τὰς
1143 2683 1384 2738 ἐκκλησίας,
1417 2684 1492 2724 καὶ
1524 2682 1824 2739 ἐλευθερῶσαι
1853 2679 1908 2724 τό
1941 2684 2067 2734 γένος
2098 2679 2229 2738 ἡμῶν,
2253 2681 2420 2726 πάντες
2441 2681 2616 2726 οἴδατε.

549 2749 697 2800 Οὗτος
729 2752 752 2811 ἦ
784 2755 863 2805 μὲν
892 2756 973 2810 τῆς
1000 2752 1166 2811 Ῥώμης
1194 2755 1412 2800 πολλάκις
1444 2756 1772 2812 ἐπιστραφεῖσα
1806 2754 2008 2812 ἐστήριξε
2038 2751 2123 2798 τοὶς
2154 2754 2320 2811 ἑτέρας.
2354 2751 2536 2808 Ταύτην
2566 2751 2618 2793 δὲ

549 2828 597 2870 αἱ
628 2825 762 2869 ἄλλαι
796 2824 1038 2871 οὐδέποτε.
1072 2828 1235 2879 Διατί;
1267 2827 1405 2871 Διότι
1447 2825 1470 2870 ὅ
1517 2824 1681 2885 Σωτήρ
1711 2826 1829 2884 μόνῃ
1859 2827 1921 2885 τῇ
1950 2827 2032 2881 τῆς
2055 2824 2221 2881 Ῥώμης
2249 2823 2421 2880 ταύτην
2452 2822 2619 2879 ἐδωρή-

549 2916 663 2942 σατο
695 2898 777 2952 τήν
809 2899 960 2958 χάριν,
995 2900 1177 2955 δεηθεὶς
1206 2895 1263 2944 ὥς
1294 2896 1560 2957 ἅνθρωπος,
1594 2897 1667 2940 ἵνα
1697 2895 1756 2953 μὴ
1790 2897 1943 2955 ἐκλίπῃ
1979 2894 2005 2952 ἤ
2035 2897 2188 2942 πίστις
2218 2893 2367 2939 αὐτοῦ
2398 2913 2434 2943 κ.
2457 2909 2499 2938 τ.
2522 2897 2560 2940 λ.

723 2974 757 3029 ²)
789 2974 902 3017 Adv.
934 2974 1053 3015 haer.
1086 2974 1115 3016 l.
1148 2973 1228 3015 111.
1262 2987 1302 3014 c.
1329 2971 1371 3015 3.
1405 2973 1500 3014 coll.
1537 2973 1643 3015 Eus.
1675 2972 1716 3012 h:
1753 2985 1789 3012 e.
1820 2971 1849 3012 l.
1881 2971 1935 3014 V.
1978 2984 2015 3011 c.
2048 2969 2089 3014 6.
2121 2985 2192 3025 ap.
2225 2970 2412 3012 Coteler.
2441 2983 2515 3024 pp.
2544 2981 2617 3023 ap.

548 3053 577 3088 t.
608 3048 646 3090 I.
678 3061 721 3101 p.
755 3044 854 3089 128.
885 3042 1155 3086 Fufiorum
1200 3039 1226 3098 ἦ
1277 3044 1320 3084 ἐν
1361 3041 1503 3100 Ῥώμῃ
1545 3041 1747 3096 ἐκκλησία
1779 3044 1910 3096 (quae
1942 3047 2036 3083 erat
2062 3043 2108 3083 in
2140 3042 2365 3083 Clemente
2394 3041 2621 3097 episcopo)

549 3116 831 3172 ἱκανωτάτην
860 3113 1039 3173 γραφήν
1068 3119 1167 3159 τοῖς
1195 3114 1475 3171 Κορινθίοις
1496 3146 1505 3155 .
1530 3146 1542 3159 .
1567 3145 1577 3156 .
1611 3111 1869 3156 ἀναιέοῠοα
1902 3115 2103 3169 (Niceph.
2124 3119 2167 3155 et
2187 3114 2287 3155 Ruf.
2320 3109 2620 3166 ἄνανεοῦσαν)

549 3187 631 3242 τὴν
648 3189 800 3230 πίστιν
815 3184 978 3230 αὐτῶν.
997 3190 1064 3230 De
1083 3188 1307 3230 Clemente
1324 3202 1432 3230 rom.
1453 3188 1508 3228 cf.
1526 3188 1799 3242 Hagemann.
1814 3188 1867 3228 de
1885 3188 2040 3228 eccles.
2059 3201 2165 3228 rom.
2180 3200 2223 3227 n.
2241 3184 2312 3229 31.
2325 3199 2398 3240 pp·
2411 3182 2509 3227 682.
2523 3196 2619 3238 sqq.

725 3261 760 3316 ⁸)
792 3262 875 3315 Ep.
906 3261 1025 3302 XVI.
1059 3261 1128 3301 Ita
1158 3259 1392 3301 &lassad
1422 3260 1588 3300 Honor.
1620 3260 1812 3303 Dalmat.
1845 3259 1979 3313 episc.
2022 3272 2088 3312 ep.
2121 3258 2175 3302 V.
2220 3257 2374 3310 „Licet
2402 3257 2516 3297 inter
2546 3269 2619 3296 va·

551 3335 637 3375 rias
668 3338 912 3387 temporum
944 3331 1227 3373 difficultates
1259 3334 1478 3373 continuis
1510 3332 1870 3386 occupationibus
1899 3331 2108 3385 implicati
2154 3330 2228 3370 vix
2258 3329 2473 3382 respirare
2502 3327 2621 3368 vale·

551 3416 700 3460 amus3
730 3417 809 3459 pro
840 3403 956 3445 sedis
987 3408 1134 3444 tamen
1164 3403 1432 3458 apostolicae
1464 3403 1758 3444 moderamine
1788 3403 1921 3443 totius
1961 3401 2087 3442 ovilis
2119 3399 2327 3441 dominici
2350 3412 2497 3440 curam
2527 3398 2621 3439 sine

552 3479 796 3519 cessatione
826 3481 1079 3528 tractantes,
1111 3489 1223 3530 quae
1253 3476 1382 3516 beato
1412 3475 1543 3516 Petro
1577 3474 1817 3515 Salvatoris
1847 3474 1985 3526 ipsius
2015 3473 2149 3512 nostri
2173 3485 2280 3512 voce
2301 3470 2502 3524 delegata
2530 3472 2620 3511 est:

550 3551 610 3591 Et
638 3555 686 3591 tu
718 3562 982 3601 conversus„
1017 3552 1060 3588 et
1091 3561 1132 3601 q.
1166 3561 1200 3590 s.
1233 3548 1300 3588 Ita
1332 3546 1503 3600 Agatho
1536 3560 1603 3600 ep.
1627 3537 1684 3586 ad
1707 3558 1828 3586 conc.
1853 3557 2019 3585 oecum.
2041 3544 2116 3586 VI.
2141 3557 2211 3597 ap.
2236 3542 2449 3587 Harduin.
2478 3545 2510 3585 t.
2541 3536 2613 3581 111

551 3635 622 3675 pp.
659 3619 787 3664 1082.
821 3618 946 3662 1110.
995 3617 1120 3660 1118.
1167 3619 1236 3659 Ita
1280 3617 1430 3671 Pelag.
1465 3618 1522 3658 11.
1568 3617 1624 3657 ad
1667 3615 1809 3656 Eliam
1843 3619 1886 3655 et
1915 3628 2014 3668 epp.
2044 3615 2197 3655 Istriae
2227 3627 2296 3668 ep.
2327 3613 2406 3654 111.
2439 3612 2513 3666 (al.
2543 3610 2620 3659 V.)

554 3692 831 3744 „Studemus‚
861 3692 1016 3746 inquit,
1049 3704 1161 3745 quae
1192 3691 1317 3731 nobis
1349 3691 1469 3730 iussa
1498 3694 1600 3730 sunt
1630 3685 1758 3743 (Luc.
1791 3687 1956 3740 XXII.)
1988 3699 2086 3727 cum
2117 3685 2334 3726 hilaritate
2364 3683 2506 3725 cordis
2533 3681 2620 3723 hu-

554 3765 713 3806 militer
744 3765 951 3806 exhibere
974 3795 984 3809 .
1005 3794 1015 3805 .
1045 3794 1056 3806 .
1086 3767 1136 3804 ut
1165 3764 1211 3803 in
1242 3762 1380 3803 divini
1410 3761 1711 3814 tremendique
1742 3759 1894 3800 iudicii
1917 3759 1987 3799 die
2008 3757 2062 3798 de
2082 3757 2376 3798 taciturnitate
2395 3767 2493 3795 mea
2519 3765 2621 3794 reus

554 3836 743 3878 inveniri
772 3850 862 3877 non
890 3836 1095 3890 possim.„
1128 3835 1347 3877 Videlicet
1377 3846 1489 3888 quae
1521 3837 1588 3873 est
1618 3831 1921 3886 Chrysostomi
1939 3830 2053 3871 hom.
2077 3829 2130 3869 de
2151 3827 2301 3868 decem
2330 3825 2436 3866 mill.
2466 3825 2619 3870 talent.

555 3907 691 3951 debit.
723 3921 767 3949 n.
798 3907 841 3951 3.
873 3908 1013 3962 Mign.
1046 3922 1112 3962 gr.
1143 3907 1231 3948 ΡΡ.
1258 3910 1290 3947 t.
1322 3903 1392 3947 51.
1423 3919 1467 3959 p.
1500 3903 1571 3948 21.
1608 3905 1826 3946 sententia
1855 3903 1909 3944 de
1948 3902 2079 3943 Petro
2113 3912 2224 3954 quae
2253 3909 2391 3951 aeque
2420 3896 2539 3937 valet
2568 3895 2622 3937 de

558 3991 808 4021 successore
836 3978 954 4020 illius
985 3991 1164 4020 romano
1185 3976 1409 4032 pontifice,
1431 3977 1506 4030 qui
1526 3979 1594 4017 est
1612 3969 1728 4031 ὑπὲρ
1757 3973 1840 4028 τῆς
1868 3970 2126 4025 οἷκουμένης
2156 3964 2338 4023 ἁπάσης·
2357 3964 2620 4025 φροντίζων.
