2716 4446
1591 122 1640 134 'h

1454 128 1782 188 —66—

219 269 378 314 Antiqua
411 268 563 306 ⁰²422⁸²²⁶⁸
650 276 658 285 '
746 266 788 324 Ῑ.
846 291 1009 324 unam
1065 271 1134 324 ab
1190 273 1359 325 initiis
1416 272 1754 343 eandemque
1809 273 1978 328 fuisse
2029 283 2139 331 tam
2190 275 2429 331 Orientis
2480 294 2642 351 quam

242 327 318 350 eum
356 317 533 368 Occidente

300 369 483 393 consenmo.

576 363 889 420 Occidentis
928 366 1253 419 sententiam
1303 366 1370 419 de
1422 373 1641 433 natura,
1701 366 1758 419 vi
1814 385 1878 419 ac
1931 369 2139 422 ratione
2165 368 2206 442 ¹)
2263 371 2640 442 patriarchalis

573 458 860 513 ecclesiae:
901 458 1129 530 proinde

213 574 557 607 P⁰⁸te⁷4⁰ffl⁸⁸⁶n⁸i⁰
741 576 813 631 Π.
870 595 904 628 a
950 595 1082 629 vera
1130 583 1293 647 atque
1349 577 1572 647 antiqua
1610 595 1719 630 non
1776 577 1936 630 modo
1983 576 2418 633 Occidentalium
2441 580 2486 652 ⁹)
2544 580 2642 634 sed

261 619 501 658 praepostera.

274 962 344 995 Leo
366 961 472 996 Anat.

253 1458 406 1492 Olemem
435 1460 501 1494 IV.

223 1689 321 1722 Hier.
336 1699 360 1723 α
381 1690 513 1726 Remu.

305 2844 424 2879 Petav-

272 3717 448 3752 Aueman.

570 668 928 723 Orientalium
952 670 998 742 ³)
1050 688 1265 741 quoque
1317 671 1585 723 sententia
1623 671 1947 741 posteriores
1987 670 2180 724 abesse
2226 690 2451 743 graecos
2509 691 2634 728 con-

751 949 777 1003 ¹)
808 948 931 990 Idem
961 959 1134 1001 quoque
1163 946 1254 988 Leo
1270 946 1456 988 Allatius
1487 947 1541 988 de
1560 947 1727 992 eccles.
1758 948 1895 989 occid.
1927 952 1971 989 et
2000 949 2153 992 orient.
2186 962 2385 994 consens.
2416 949 2445 991 l.
2476 950 2513 995 1.
2537 963 2575 992 0.
2593 948 2636 992 2.

565 1024 738 1066 iudiciis
779 1035 1035 1077 graecorum
1064 1021 1281 1061 iuniorum
1321 1020 1500 1075 prolatis
1541 1034 1568 1061 a
1597 1020 1782 1074 Niceph.
1824 1019 1980 1062 Calixt.
2013 1020 2042 1064 1.
2074 1021 2131 1062 11.
2164 1035 2203 1064 0.
2231 1015 2303 1063 35.
2333 1021 2436 1063 Nilo
2466 1022 2636 1077 Doxop.

562 1097 617 1139 de
646 1095 907 1151 patriarchis
937 1098 981 1136 et
1010 1094 1158 1138 Melet.
1190 1094 1423 1148 patriarch.
1466 1094 1577 1137 alex.
1611 1108 1681 1148 ep.
1714 1094 1771 1136 ad
1800 1095 1990 1139 Ruthen.
2024 1095 2091 1137 his
2123 1098 2428 1152 complectitur
2456 1098 2635 1146 ver-bist

564 1169 749 1222 „Petrus
777 1167 1118 1223 patriarchatum
1148 1167 1406 1209 Antiochiae
1437 1168 1589 1221 erigit:
1633 1168 1758 1221 isque
1789 1167 1934 1209 adhuc
1964 1181 2016 1210 eo
2046 1169 2220 1211 vivente
2251 1174 2295 1212 et
2323 1170 2502 1212 iubente
2531 1170 2636 1212 dum

562 1241 655 1295 ipse
684 1241 815 1282 rebus
845 1241 1232 1283 universalioribus
1250 1239 1475 1292 incumbit,
1492 1240 1547 1280 ab
1564 1240 1660 1281 aliis
1678 1241 2060 1286 comministratur.
2094 1243 2274 1284 Interim
2288 1244 2385 1298 ipse
2401 1243 2633 1286 ecclesiam

561 1324 786 1353 romanam
816 1310 971 1352 fundat
999 1314 1042 1352 et
1073 1310 1220 1352 sedem
1251 1311 1450 1364 collocat,
1482 1315 1525 1352 et
1554 1311 1704 1354 Marco
1738 1314 2034 1367 evangelistae
2056 1315 2384 1358 alexandrinam
2404 1316 2635 1359 ecclesiam

561 1387 750 1425 erectam
797 1383 1094 1434 commendat3
1136 1383 1239 1424 hinc
1278 1384 1435 1424 Petrus
1475 1383 1846 1438 patriarchatuum
1887 1385 2092 1428 fundator
2120 1389 2214 1429 iure
2244 1388 2399 1430 merito
2429 1388 2633 1441 dieiturm

559 1457 661 1499 Non
678 1457 838 1498 iniuria
868 1469 972 1510 ergo
994 1469 1077 1497 nec
1096 1456 1296 1497 inmerito
1317 1455 1551 1497 Pontifices
1583 1470 1681 1497 cum
1715 1456 1942 1499 Clemente
1971 1459 2047 1501 IV.
2081 1473 2197 1501 anno
2220 1458 2348 1504 1267.
2369 1474 2440 1515 ap.
2458 1460 2634 1502 Pichler

558 1529 591 1574 1.
621 1543 657 1571 c.
688 1543 761 1583 pp.
792 1527 892 1572 340.
925 1542 1022 1582 sqq.
1055 1529 1339 1583 „dignitatem
1369 1542 1422 1570 ac
1452 1530 1802 1583 praerogativam
1847 1531 2196 1584 patriarchalem-
2221 1546 2249 1573 a
2278 1533 2397 1573 Petri
2427 1532 2634 1575 cathedra

558 1603 842 1645 derivandam
886 1614 983 1643 esse
1031 1602 1401 1656 praecipiebant.„
1462 1603 1617 1656 Itaque
1661 1602 1973 1656 patriarchales
2014 1617 2162 1645 omnes
2204 1603 2353 1655 sedes,
2403 1605 2544 1658 inquit
2578 1604 2631 1646 F.

557 1677 752 1720 Hierem.
797 1688 825 1716 a
873 1675 1069 1716 Benettis
1109 1676 1310 1730 privileg.
1355 1677 1402 1716 in
1440 1689 1555 1730 perS.
1599 1689 1633 1716 s.
1676 1676 1797 1716 Petri
1836 1689 1945 1719 rom.
1977 1676 2132 1730 pontif.
2165 1690 2191 1717 a
2237 1676 2412 1718 Christo
2441 1676 2630 1729 Domino

557 1749 753 1791 collator.
784 1748 945 1790 vindic.
976 1761 1068 1802 par.
1101 1748 1160 1792 11.
1191 1751 1295 1789 tom.
1327 1748 1403 1790 IV.
1435 1761 1476 1792 a.
1508 1747 1608 1791 VII.
1641 1749 1680 1799 ἓ.
1715 1746 1755 1791 1.
1786 1762 1829 1802 Ρ.
1862 1745 1961 1792 133.
1992 1749 2212 1789 institutas
2230 1762 2309 1793 as.
2326 1749 2458 1790 Petro
2477 1748 2625 1802 fuisse,

554 1824 617 1864 ita
645 1826 803 1874 tamen,
835 1824 884 1861 ut
912 1834 1094 1862 romana
1124 1821 1325 1862 omnibus
1354 1823 1570 1874 potestate
1592 1819 1891 1874 dignitateque
1914 1822 2243 1874 praeemineret,
2266 1825 2438 1863 sacrata
2458 1820 2627 1875 pridem

554 1897 602 1936 in
642 1894 830 1936 ecclesia
869 1894 1086 1934 sententia
1132 1897 1210 1945 est,
1258 1905 1388 1947 quam
1427 1893 1613 1934 inficiari
1666 1906 1745 1946 pro
1786 1894 2029 1934 temeritate
2074 1894 2171 1934 ausi
2210 1894 2271 1938 M.
2312 1893 2528 1935 Antonius
2568 1893 2623 1935 de

554 1968 754 2009 Dominis
785 1967 863 2010 lib.
894 1967 976 2010 111.
1010 1967 1064 2008 de
1094 1967 1261 2020 republ.
1295 1967 1452 2010 eccle-s.
1486 1980 1550 2008 00.
1581 1963 1622 2006 2.
1657 1970 1699 2006 01;
1730 1964 1798 2008 10.
1829 1966 2075 2020 Basnagius
2105 1970 2302 2020 uterque,
2343 1966 2625 2020 Beveregius,

553 2040 797 2091 Richerius,
836 2039 1074 2091 LaunoiuS,
1116 2039 1350 2092 Dupinius,
1396 2039 1596 2080 Janonus
1629 2042 1710 2081 etc.
1743 2038 1888 2092 dignis
1932 2039 2143 2093 vapulant
2172 2052 2199 2079 a
2229 2038 2492 2080 doctissimis
2522 2038 2629 2080 viris

550 2112 744 2153 Henrico
782 2111 959 2153 Valesio
997 2112 1027 2155 l.
1070 2109 1113 2154 3.
1153 2112 1372 2156 observat.
1414 2113 1460 2152 in
1493 2111 1716 2152 Socratem
1758 2115 1802 2151 et
1847 2110 2151 2163 Sozomenum,
2192 2110 2419 2152 Hadriano
2449 2110 2627 2152 Valesio
2658 2146 2661 2148 μ

551 2186 599 2226 in
637 2185 729 2226 vita
766 2184 948 2226 Henrici
986 2184 1153 2226 Valesii
1192 2184 1350 2243 fratris,
1384 2183 1696 2225 Schelestratio
1727 2183 1756 2224 l.
1790 2183 1846 2225 11.
1880 2186 2014 2237 antiq.
2046 2183 2202 2227 illustr.
2235 2183 2404 2224 dissert.
2435 2181 2478 2227 5.
2511 2182 2626 2224 Tho-

551 2257 742 2298 massino
781 2259 871 2300 vet.
912 2260 957 2297 ct
995 2269 1095 2296 nov.
1138 2256 1308 2310 discipl.
1354 2269 1446 2309 par.
1492 2256 1526 2296 1.
1560 2255 1588 2298 l.
1622 2255 1655 2296 Ι.
1687 2269 1725 2300 0.
1757 2254 1801 2299 8.
1835 2259 1878 2296 et
1923 2269 2019 2310 sqq.
2052 2259 2095 2297 et
2124 2255 2290 2296 Blanco
2322 2255 2375 2296 de
2408 2259 2624 2309 potestate

553 2333 596 2370 et
624 2329 747 2383 polit.
781 2329 937 2373 eccles.
985 2333 1015 2369 t.
1046 2329 1123 2372 IV.
1156 2329 1186 2372 l.
1218 2327 1260 2371 2.
1294 2342 1335 2373 c.
1370 2328 1438 2381 1.‚,
1493 2329 1659 2382 Ecquis
1704 2341 1832 2381 porro
1877 2328 2132 2369 temerarius
2177 2328 2286 2369 adeo
2326 2328 2452 2378 foret,
2492 2331 2542 2369 ut
2569 2327 2626 2369 ad

551 2402 815 2457 proscriptos
846 2402 1013 2455 priores
1043 2401 1143 2443 illos
1175 2401 1230 2442 ab
1262 2401 1449 2442 ecclesia
1479 2400 1676 2442 homines
1707 2400 1916 2442 accedere
1947 2414 2035 2442 non
2064 2400 2396 2442 reformidaret?

726 2473 760 2528 2)
792 2474 1003 2515 Adductis
1034 2474 1106 2515 vel
1128 2475 1264 2527 ipsius
1295 2474 1513 2515 Blondelli
1544 2474 1597 2515 de
1628 2474 1798 2527 primat.
1831 2474 1877 2514 in
1907 2474 2012 2517 eccl.
2044 2475 2203 2526 verbis,
2236 2474 2396 2528 quibus
2443 2473 2622 2526 „Prote-

551 2551 730 2600 stantes,
762 2549 834 2600 ait,
865 2559 1007 2600 neque
1037 2547 1303 2600 apostolicae
1336 2547 1567 2587 cathedrae
1599 2546 1853 2600 dignitatem
1884 2559 2078 2599 unquam
2107 2547 2246 2587 veteri
2285 2546 2450 2587 Romae
2490 2546 2621 2587 dene-

551 2633 692 2674 gasse,
723 2632 866 2673 neque
895 2621 1140 2673 primatum,
1173 2633 1301 2673 quem
1332 2619 1465 2660 habet
1494 2620 1539 2666 in
1570 2620 1736 2660 vicinas
1769 2619 1989 2670 ecclesias,
2020 2620 2153 2659 immo
2174 2619 2305 2660 etiam
2326 2631 2455 2672 quem
2473 2618 2623 2672 aliqua

549 2693 717 2734 ratione
748 2693 914 2734 obtinet
942 2693 988 2732 in
1018 2693 1258 2745 universas,
1290 2693 1351 2733 ita
1381 2696 1527 2734 tamen
1559 2696 1607 2732 ut
1639 2692 1934 2733 ecclesiastico
1975 2692 2070 2732 iure
2100 2691 2322 2742 duntaxat,
2353 2704 2440 2731 non
2471 2690 2619 2731 divino

550 2766 740 2807 romanis
783 2766 1063 2820 pontificibus
1107 2767 1191 2807 ista
1241 2767 1528 2818 conveniant„
1563 2766 1710 2806 subdit
1739 2766 1792 2806 de
1824 2766 1978 2808 eccles.
2019 2765 2127 2808 hier.
2159 2765 2186 2805 l.
2219 2764 2299 2806 111.
2330 2777 2370 2807 c.
2403 2761 2443 2805 7.
2474 2777 2516 2804 n.
2549 2759 2616 2805 11.

550 2838 780 2880 Petavius:
815 2838 1061 2891 „Quocirca
1082 2838 1235 2879 saltem
1256 2839 1497 2892 apostolica
1515 2838 1747 2879 traditione
1766 2838 1986 2889 fatebitur,
2007 2839 2240 2892 primatum
2260 2836 2383 2877 illum
2402 2837 2449 2876 in
2469 2847 2618 2876 omnes

549 2911 757 2952 ecclesias
787 2923 966 2951 romano
998 2915 1197 2952 constare
1227 2912 1434 2964 pontifici,
1477 2911 1514 2952 si
1544 2910 1780 2965 Augustini
1827 2910 2023 2964 regulam
2053 2910 2173 2950 illam
2203 2908 2436 2962 sequimur,
2487 2919 2618 2960 quam

546 2984 593 3025 in
636 2984 776 3038 primo
821 2983 934 3026 libro
981 2997 1043 3025 00.
1076 2982 1118 3025 1.
1151 2986 1194 3024 et
1237 2981 1279 3026 2.
1310 2983 1538 3036 proposui:
1583 2982 1636 3023 Id
1665 2983 1721 3023 ab
1752 2982 1974 3035 Apostolis
2004 2981 2213 3022 traditum
2242 2980 2395 3032 videri,
2415 2979 2546 3034 'quod
2575 2982 2620 3020 et

546 3061 757 3110 perpetuo
782 3060 1004 3097 servatum
1035 3056 1091 3096 sit
1115 3057 1162 3096 in
1192 3055 1390 3107 ecclesia,
1434 3059 1478 3096 et
1507 3055 1669 3095 nullius
1701 3055 1875 3095 concilii
1904 3054 2078 3095 decreto
2107 3053 2306 3108 primitus
2337 3053 2617 3094 constitutum

546 3129 690 3180 fuerit,
724 3129 896 3182 qualem
929 3141 1026 3170 esse
1056 3129 1408 3182 praerogativam
1438 3141 1644 3169 romanae
1675 3128 1790 3169 sedis
1821 3128 1907 3168 alio
1951 3128 1997 3168 in
2040 3127 2137 3168 loco
2182 3125 2493 3180 disputabitur3
2539 3123 2616 3165 ubi

546 3205 591 3242 et
619 3201 767 3242 divino
796 3203 891 3242 iure
920 3201 967 3241 id
996 3204 1063 3241 est
1094 3200 1256 3241 Christi
1285 3202 1543 3242 auctoritate
1578 3214 1630 3241 ac
1659 3205 1893 3255 praecepto
1925 3200 2163 3241 stabilitam
2185 3212 2280 3240 esse
2301 3196 2614 3238 demonstrabi-

545 3285 683 3324 mus.„
730 3273 853 3314 Idem
899 3272 1239 3313 demonstratum
1269 3272 1465 3313 dedimus
1509 3273 1621 3313 libro
1666 3273 1917 3326 superiore:
1961 3271 2077 3312 idem
2121 3271 2388 3311 demonstrat
2431 3268 2615 3322 „author

544 3342 809 3386 inextinctae
852 3347 966 3387 sacri
1014 3347 1185 3387 concilii
1215 3346 1440 3386 tridentini
1469 3347 1693 3398 veritatis„
1727 3346 1773 3385 in
1812 3358 1942 3399 opere
1979 3345 2048 3385 cui
2078 3343 2258 3385 titulus:
2291 3342 2615 3395 „Oecumenica

545 3417 776 3459 cathedrae
805 3418 1071 3472 apostolicae
1116 3418 1384 3471 authoritas„
1435 3422 1515 3459 art.
1578 3418 1661 3460 111,
1713 3417 1931 3470 disquisit.
1991 3415 2032 3459 9.
2085 3416 2287 3468 „Quanta
2337 3415 2395 3455 sit
2443 3414 2611 3455 romani

542 3489 761 3542 pontificis
805 3490 1044 3531 authoritas
1088 3491 1207 3531 circa
1251 3490 1558 3544 patriarchalia
1601 3494 1644 3530 et
1683 3488 2071 3542 archiepiscopalia
2101 3491 2145 3528 et
2175 3489 2491 3540 consequenter
2518 3485 2609 3540 epi-

543 3561 736 3614 scopalia
764 3561 880 3602 iura·
931 3561 1134 3615 idemque
1186 3562 1318 3603 habet
1371 3575 1440 3615 ap.
1492 3561 1584 3602 Mai
1637 3560 1689 3602 N.
1722 3560 1810 3605 PP.
1843 3561 1894 3603 Β
1942 3564 1974 3602 t.
2006 3559 2105 3603 VII.
2149 3573 2192 3613 p.
2222 3558 2304 3602 ΙΙΙ.
2335 3571 2410 3654 ΡΡ.
2442 3556 2515 3601 77.
2543 3569 2608 3611 sq.

542 3631 785 3674 Deusdedit
815 3632 932 3676 card.
967 3646 1064 3677 con.
1097 3634 1236 3675 iuvas.
1270 3637 1313 3675 et
1343 3634 1498 3676 simon.
1531 3634 1562 3677 l.
1595 3633 1631 3676 Ι.

719 3702 752 3757 ³)
782 3704 883 3745 Hoc
927 3708 1224 3746 contestantur
1268 3705 1341 3746 vel
1385 3706 1470 3760 ipsi
1514 3705 1605 3758 syri
1647 3705 1898 3756 nestoriani,
1931 3716 2114 3758 quorum
2143 3702 2227 3744 hac
2255 3702 2310 3743 de
2338 3714 2387 3743 re
2417 3703 2605 3742 mentem

541 3773 676 3815 habes
706 3775 753 3815 in
783 3775 954 3819 collect.
986 3789 1141 3819 canon.
1194 3777 1390 3830 synodic.
1430 3777 1664 3828 Ebediesu,
1714 3775 2016 3829 metropolitae
2046 3774 2243 3815 sobensis
2271 3772 2317 3813 id
2346 3775 2414 3818 est
2440 3771 2605 3812 Nisibis

542 3858 613 3899 ap.
644 3860 728 3890 em.
758 3848 849 3889 Mai
891 3849 1056 3902 scriptt.
1087 3852 1195 3892 vett.
1225 3861 1328 3893 nov.
1361 3849 1458 3890 coll.
1505 3853 1536 3889 t.
1583 3848 1638 3889 X.
1689 3848 1766 3889 ubi
1808 3847 1960 3900 Aloys.
2007 3845 2235 3889 Asseman.
2280 3857 2324 3898 p.
2363 3843 2464 3887 VII.
2494 3843 2604 3885 haec

542 3919 782 3975 praefatur:
816 3919 997 3974 „Plures
1028 3920 1085 3962 ad
1112 3921 1223 3963 haec
1252 3934 1391 3977 usque
1421 3924 1618 3976 tempora
1648 3919 1926 3979 collectiones
1972 3930 2188 3959 canonum
2230 3929 2259 3957 a
2289 3915 2520 3959 Chaldaeis
2550 3928 2605 3959 ao
2685 3907 2689 3909 ’
