2716 4446
160 338 302 381 Greqor.
318 337 427 372 XIII.

133 3028 257 3062 Cho-iet.
287 3029 427 3070 Lupus.

168 3458 385 3501 Hayemann.

1325 214 1413 238 .—
1461 179 1569 242 236
1619 212 1691 223 —

651 323 700 375 7.
738 321 992 375 addenda
1027 323 1295 392 professio
1334 325 1464 379 fidei
1501 343 1625 379 cum
1664 344 1697 378 a
1735 323 2002 396 Gregorio
2054 325 2268 380 decimo
2322 327 2480 381 tertio
2506 327 2550 399 1)

474 423 589 469 tum
627 415 695 468 ab
735 415 960 470 Urbano
999 424 1192 471 octavo
1233 427 1288 472 et
1323 418 1626 472 Benedicto
1666 418 1878 499 decimo
1907 427 2099 491 quarto
2127 420 2484 475 orientalibus
2503 419 2549 493 ⁹)

471 501 828 573 praescripta.
866 503 1035 574 Atqui
1073 503 1341 557 eiusmodi
1378 504 1643 558 formulae
1681 504 2025 559 habebantur
2062 525 2277 578 semper
2312 514 2553 561 tesserae

473 596 648 649 instar
686 597 802 649 sive
842 596 1200 651 orthodoxiae
1241 598 1357 651 sive
1395 597 1805 668 heterodoxiae,
1865 599 2138 671 simulque
2189 600 2556 654 censebantur

473 691 815 743 necessariae
871 691 950 744 ita
1005 700 1064 745 ut
1120 693 1215 763 qui
1271 710 1364 754 eas
1421 692 1710 764 amplexus
1768 711 1878 747 non
1933 693 2142 763 fuisset,
2199 695 2247 747 is
2285 693 2552 748 ecclesiae

471 782 778 837 membrum
815 784 1129 840 nullatenus
1169 787 1591 846 existimaretur.
1643 788 1718 861 At
1755 805 1884 841 vero
1924 787 2198 841 undenam
2235 795 2389 842 tanta
2425 806 2550 842 con-

475 878 744 931 sensionis
785 897 909 932 cum
946 898 1204 933 romanae
1245 880 1408 933 sedis
1430 880 1679 934 doctrina
1730 881 2032 934 necessitas
2057 880 2120 952 ³),
2179 882 2226 934 si
2264 899 2330 934 ea
2365 881 2424 934 in
2460 880 2552 935 do-

475 971 647 1024 cenda
684 973 1151 1047 proponendaque
1189 975 1422 1028 veritate
1463 973 1654 1028 fallere
1690 982 1878 1049 posset
1914 981 2010 1028 aut
2041 973 2200 1028 falli?
2259 974 2430 1046 Atqui
2469 982 2554 1028 est

473 1065 788 1119 omnimoda
842 1065 965 1119 illa:
1024 1067 1162 1120 haec
1221 1086 1351 1138 ergo
1411 1067 1632 1121 errandi
1669 1068 2007 1139 possibilitas
2045 1068 2214 1125 nulla.
2277 1068 2564 1122 Videlicet*
2629 1072 2631 1074 ’
2693 1057 2702 1062 ”

473 1159 542 1213 ad
566 1159 869 1231 pleniorem
906 1162 987 1214 rei
1027 1161 1491 1216 confirmationem
1531 1161 1907 1216 consideretur

954 1321 996 1365 8.
1026 1323 1227 1364 Romana
1257 1322 1384 1364 sedes
1415 1323 1555 1365 veluti
1585 1327 1733 1366 custos
1765 1323 2062 1366 orthodoxiae.

643 1464 766 1521 263,
793 1463 1089 1519 Enimvero
1115 1465 1252 1519 haec
1279 1473 1395 1520 erat
1431 1465 1702 1525 Maiorum
1739 1469 1932 1534 θεωρία
1970 1473 2024 1520 et
2061 1465 2265 1533 πρᾶξιςε
2304 1465 2550 1520 Romana

470 1558 621 1611 Petri
661 1559 819 1612 sedes
860 1565 944 1612 est
999 1558 1095 1611 illa
1150 1550 1307 1612 firma
1363 1569 1535 1631 petra,
1595 1561 1653 1614 vi
1691 1561 1845 1614 cuius
1869 1560 1916 1632 4)
1955 1568 2129 1614 totum
2169 1579 2384 1631 semper
2419 1559 2549 1612 fidei

472 1653 781 1724 depositum
819 1653 936 1706 sine
969 1652 1295 1707 'alteratione
1328 1661 1712 1724 conservatur3
1753 1655 2057 1707 etiterum:
2097 1653 2376 1706 Romanus
2400 1653 2551 1707 Petri

473 1766 759 1801 successor
812 1746 905 1801 ille
965 1766 1252 1818 supremus
1310 1755 1394 1821 eost
1448 1757 1651 1818 pastor,
1711 1748 1805 1819 qui
1862 1765 1993 1801 oves
2033 1754 2087 1800 et
2124 1765 2294 1817 agnos
2333 1754 2445 1800 toto
2484 1765 2550 1800 ac
2592 1792 2596 1796 ,

470 1841 780 1894 inmutabili
817 1841 945 1894 fidei
983 1842 1228 1912 deposito
1267 1861 1494 1913 pascere
1532 1843 1713 1895 iussus
1755 1849 1838 1895 est
1875 1847 1929 1894 et
1966 1841 2158 1911 pascit.
2195 1840 2331 1893 Inde
2369 1847 2550 1894 autem

473 1954 573 1988 sua
608 1935 782 1989 veluti
821 1943 1014 2007 sponte
1053 1935 1190 1988 haec
1229 1935 1336 1988 duo
1377 1936 1667 2004 exsistunt,
1706 1943 1821 1988 tum
1861 1934 2006 2006 quod
2033 1933 2576 2007 quaecunque-defi*
2640 1955 2643 1958 ·

471 2031 589 2083 nita
624 2031 683 2083 in
721 2030 959 2084 ecclesia
997 2031 1253 2103 dogmata
1290 2032 1524 2101 fuerunt,
1579 2051 1644 2086 ea
1683 2040 1829 2085 sarta
1881 2049 2096 2102 semper
2133 2039 2387 2104 tectaque
2408 2031 2455 2103 ⁵)
2491 2031 2552 2093 vin

471 2143 696 2178 romana
747 2125 982 2179 ecclesia
1033 2126 1428 2195 custodiuntur,
1481 2133 1596 2179 tum
1648 2126 1794 2201 quod
1830 2126 2022 2180 eadem
2059 2125 2129 2179 ab
2168 2126 2266 2180 illa
2303 2106 2552 2179 dubitan-

471 2219 619 2273 tibus
659 2238 833 2291 aeque
873 2238 937 2273 ac
977 2218 1326 2274 deviantibus
1368 2219 1558 2273 sedulo
1594 2221 1954 2291 'proponenda
1980 2207 2239 2291 curantur
2277 2218 2549 2274 et·decla-

471 2314 659 2383 randa,
699 2321 759 2367 ut
794 2313 925 2367 fidei
951 2315 1135 2367 unitas
1165 2321 1218 2367 et
1241 2332 1343 2385 per
1380 2313 1716 2385 apostolicae
1753 2314 1883 2368 fidei
1919 2315 2184 2368 unitatem
2210 2334 2319 2368 una
2347 2295 2554 2368 Christi

473 2605 511 2635 c.
546 2590 616 2636 13.
649 2591 701 2632 de
731 2591 955 2634 reformat.
987 2603 1095 2632 sess.
1129 2590 1268 2631 XXV.
1302 2604 1341 2634 c.
1372 2590 1414 2634 2.
1457 2603 1607 2632 curam
1646 2576 1765 2631 illius
1803 2592 1984 2632 romano
2014 2589 2210 2645 pontifici
2238 2589 2437 2632 relictam
2463 2601 2547 2631 vo-

470 2664 615 2718 luere3
650 2663 746 2703 vide
775 2662 879 2703 ibid.
913 2676 989 2705 nn.
1021 2660 1123 2705 848.
1156 2660 1281 2703 863.·

651 2734 687 2788 1)
719 2734 1029 2778 Constitution.
1055 2733 1126 2777 51.
1160 2734 1474 2777 Sanctissimus
1494 2736 1710 2777 Dominus
1740 2738 1890 2776 noster
1919 2749 1992 2789 ap.
2015 2735 2231 2789 Denzing.
2247 2735 2292 2788 ἢ1.
2308 2748 2356 2789 c.
2376 2748 2421 2778 n.
2444 2732 2545 2778 868.

646 2807 684 2863 ²)
716 2808 826 2851 Vide
856 2808 1022 2849 ibidem
1050 2822 1097 2852 n.
1129 2807 1229 2850 863.
1259 2860 1263 2864 ι

650 2880 683 2934 ³)
719 2879 882 2922 Confer
913 2894 1026 2935 quae
1057 2881 1111 2921 de
1142 2881 1226 2922 hac
1256 2882 1810 2935 necessitate'praestituta
1846 2883 1947 2921 sunt
1986 2879 2014 2920 l.
2046 2879 2082 2920 Ι.
2116 2891 2154 2923 6.
2184 2875 2226 2921 3.
2259 2878 2356 2928 Quo
2385 2879 2548 2932 pariter

472 2956 672 3007 spectant
702 2966 815 3006 quae
846 2966 946 3007 opp.
979 2957 1014 2998 t.
1045 2954 1099 2995 V.
1131 2967 1205 3007 pp.
1236 2951 1336 2998 377.
1368 2967 1466 3007 sqq.
1499 2953 1554 2994 de
1586 2966 1618 2994 s,
1653 2953 1835 3006 Gregor.
1868 2952 1970 2995 VII.
2017 2950 2164 2991 dictat.
2201 2962 2354 2994 canon.
2385 2946 2572 2992 XXVI..

471 3025 664 3079 disputat
695 3024 931 3069 Christian.
977 3026 1130 3079 Lupus
1175 3027 1223 3067 in
1269 3026 1459 3067 scholio:
1507 3026 1666 3079 „Quod
1707 3025 1950 3067 catholicus
1981 3037 2070 3065 non
2098 3024 2324 3074 habeatur,
2357 3023 2432 3076 qui
2460 3034 2549 3063 non

471 3098 708 3157 concordat
748 3099 972 3140 Romanae
1015 3099 1270 3151 ecclesiae„
1318 3099 1356 3138 E
1390 3098 1548 3151 quibus
1579 3098 1779 3139 similiter
1819 3098 1949 3138 infert
1978 3111 2022 3150 p.
2054 3095 2200 3148 379.‚
2201 3096 2275 3148 ,Et
2302 3095 2406 3136 hinc
2433 3083 2552 3134 lucet

468 3171 712 3212 Romanam
743 3171 975 3212 ecclesiam
1005 3184 1032 3212 a
1061 3174 1183 3212 recta
1227 3169 1312 3211 fide
1358 3183 1454 3211 esse
1498 3170 1767 3211 immobilem
1812 3173 1944 3223 atque
1987 3167 2354 3227 indeclinabilem
2400 3165 2460 3206 Et
2486 3166 2551 3206 ita

471 3244 648 3284 omnino
680 3247 891 3297 oportet„
934 3243 986 3283 Id
1028 3243 1144 3296 quod
1186 3241 1305 3282 illico
1346 3243 1505 3295 probat
1545 3256 1599 3283 ex
1640 3242 1817 3284 oraculo
1867 3241 2108 3282 Salvatoris
2139 3239 2294 3281 Matth.
2326 3238 2445 3280 XVI.
2478 3235 2548 3281 18.

473 3314 560 3356 Sed
595 3329 706 3369 quae
739 3316 796 3356 sit
825 3328 1031 3356 romanae
1064 3315 1296 3356 cathedrae
1326 3315 1372 3355 in
1394 3310 1577 3356 tuendis
1609 3315 1965 3368 explicandisque
2011 3313 2228 3366 dogmatis
2259 3310 2475 3364 capitibus
2506 3312 2551 3350 et

470 3386 667 3427 formulis
698 3388 765 3428 vis
796 3400 848 3427 ac
877 3388 1159 3441 praestantia,
1206 3387 1364 3428 illustri
1395 3400 1592 3428 sermone
1638 3388 1879 3441 expositum
1909 3386 2071 3439 legitur
2100 3398 2127 3425 a
2157 3385 2251 3424 viro
2283 3383 2337 3426 cl
2366 3381 2424 3423 H.
2455 3381 2546 3422 Ha-

471 3471 672 3511 gemann.
716 3474 786 3513 op.
830 3473 864 3503 S.
907 3473 944 3500 c.
976 3473 1049 3513 pp.
1083 3458 1180 3502 117.
1222 3472 1319 3512 sqq.
1354 3458 1452 3503 131.
1487 3473 1583 3513 sqq.
1616 3463 1660 3500 et
1689 3459 1946 3499 nominatim
1975 3471 2048 3511 pp.
2080 3455 2178 3499 129.
2220 3468 2288 3508 sq.
2332 3455 2410 3495 ubi
2439 3454 2556 3494 scite·

470 3532 680 3584 miratur,
727 3532 845 3585 quod
891 3532 947 3574 ad
993 3545 1175 3586 graecos
1229 3533 1435 3573 continuo
1486 3532 1709 3586 adpellant
1760 3532 1816 3572 ob
1867 3530 2063 3572 certandi
2112 3529 2408 3578 subtilitatem,
2445 3525 2548 3566 dum
2590 3562 2598 3568 .

470 3615 651 3644 romana
681 3604 879 3656 ecclesia,
911 3617 1023 3657 quae
1054 3617 1143 3644 una
1174 3604 1229 3645 ob
1262 3605 1551 3645 constantiam
1581 3602 2006 3656 incredibilemque
1994 3615 2041 3642 111
2069 3599 2332 3641 vindicanda
2362 3597 2546 3638 veritate

471 3675 811 3729 repellendoque
861 3688 1007 3716 errore
1057 3676 1316 3730 sapientiam
1365 3675 1541 3716 unicam
1571 3688 1742 3728 semper
1791 3673 2008 3725 ostendit,
2071 3669 2362 3713 contemnitur
2407 3675 2544 3736 prope

472 3749 604 3800 atque
644 3748 895 3801 negligitur.
1947 3769 1950 3771 ’

648 3817 682 3873 ⁴)
715 3818 783 3862 cf
830 3819 985 3860 allatos
1031 3819 1232 3872 superius
1277 3818 1336 3858 ad
1380 3818 1537 3861 Matth.
1569 3817 1689 3861 XVI.
1737 3815 1805 3859 16.
1838 3830 1902 3871 sq.
1950 3814 2283 3899 commentarios
2312 3811 2476 3853 Leonis
2505 3811 2542 3854 Ι.

474 3873 651 3943 Gelasii,
681 3891 844 3932 Leonis
875 3891 954 3934 IX.
985 3891 1205 3932 Theodori
1235 3891 1424 3932 studitae
1455 3895 1499 3932 et
1529 3905 1571 3945 q.
1604 3904 1637 3932 s.

648 3959 680 4017 ⁵)
712 3962 825 4004 Vide
854 3963 1018 4016 pariter
1048 3963 1249 4018 superius
1278 3963 1554 4016 praestituta.
