2716 4446
1084 171 1433 232 ...459-

389 318 462 374 II.
502 318 741 371 inmunis
793 337 826 372 a
874 318 1186 390 principatu
1240 318 1539 370 iniustitiae
1591 335 1656 370 ac
1712 315 2096 389 inprudentiae
2121 337 2134 370 :
2172 315 2300 372 hinc

217 411 651 485 inadpellabilis3
692 418 746 465 et

388 505 499 562 ΙΙΙ,
527 507 764 560 inmunis
792 525 825 559 a
849 507 1159 578 principatu
1184 507 1457 561 terrestris
1483 506 1769 577 potestatis
1796 524 1862 559 ac
1888 505 2143 560 dominii:
2171 506 2299 561 hinc

215 601 606 673 independens

385 695 576 750 Priora
613 694 720 748 duo
759 694 989 766 probata
1048 696 1177 749 satis
1217 694 1571 748 arbitramur:
1637 694 1705 748 ad
1743 701 2078 766 postremum
2118 701 2297 749 osten-

215 789 451 846 dendum
487 789 597 844 iam
635 788 997 860 adgredimur.

478 874 494 897 Ι

1021 1044 1308 1101 CAPUT
1372 1039 1511 1102 VII.

216 1211 309 1266 De
336 1212 608 1266 romani
633 1210 1027 1284 pontificis
1053 1211 1472 1264 inmunitate
1500 1209 1581 1265 ab
1609 1211 1913 1283 imperio
1943 1211 2297 1267 saeculari

1207 1330 1300 1370 sive

302 1431 402 1486 De
443 1431 638 1486 sedis
676 1448 1009 1484 romanae
1048 1429 1620 1501 independentia
1658 1430 1727 1483 in
1766 1429 2201 1488 exsistendo.

380 1590 504 1644 481.
542 1589 702 1644 Ratio
743 1578 821 1642 ac
846 1587 1084 1642 conditio
1123 1590 1334 1642 romani
1376 1589 1634 1661 episcopi,
1703 1608 1811 1661 qua
1850 1596 1933 1643 est
1972 1596 2026 1643 et
2063 1590 2174 1644 dici
2211 1591 2292 1644 in-

207 1683 450 1738 fallibilis
489 1683 670 1750 debet,
731 1685 1007 1737 inmunem
1056 1702 1178 1736 eum
1237 1684 1518 1737 constituit
1577 1703 1610 1736 a
1648 1685 1841 1756 quavis
1881 1683 1991 1737 alia
2029 1684 2130 1738 sub
2169 1685 2290 1739 Deo

206 1780 525 1833 auctoritate
566 1779 746 1851 quoad
784 1778 1028 1831 ordinem
1069 1778 1345 1849 cogitandi
1403 1778 1841 1850 christianaeque
1891 1780 2167 1849 veritatis;
2227 1798 2292 1834 ea

204 1894 419 1928 rursum
445 1873 593 1928 illius
620 1875 759 1927 ratio
789 1892 852 1926 ac
879 1873 1134 1941 conditiO,
1165 1892 1273 1944 qua
1300 1880 1384 1926 est
1420 1873 1637 1945 dicique
1677 1872 2083 1944 inadpellabilis
2111 1873 2288 1943 debet,

203 1970 482 2023 inmunem
521 1968 754 2022 eundem
791 1968 923 2021 facit
979 1988 1012 2021 a
1051 1969 1245 2040 quavis
1300 1967 1409 2022 alia
1449 1967 1549 2038 sub
1588 1967 1710 2021 Deo
1750 1969 2069 2022 auctoritate
2110 1968 2291 2040 quoad

204 2062 451 2117 ordinem
489 2062 711 2117 volendi
750 2062 1189 2134 christianaeque
1229 2062 1406 2131 vitae3
1461 2080 1527 2115 ea
1564 2061 1784 2116 demum
1821 2063 1959 2116 ratio
2001 2082 2067 2116 ac
2104 2063 2289 2117 condi-

203 2158 299 2226 tio,
339 2176 447 2229 qua
485 2176 605 2211 esse
644 2157 860 2229 dicique
902 2157 1065 2210 debet
1102 2157 1494 2228 independenS,
1546 2156 1728 2210 reddit
1778 2175 1902 2210 eum
1939 2158 2218 2211 inmunem
2257 2176 2291 2212 a

203 2252 396 2324 quavis
435 2251 543 2305 alia
581 2251 682 2305 sub
721 2251 842 2305 Deo
901 2252 1221 2305 auctoritate
1281 2251 1461 2323 quoad
1518 2250 1765 2305 ordinem
1804 2251 2109 2306 exsistendi
2148 2252 2288 2306 chri-

203 2346 518 2419 stianaeque
559 2346 849 2400 societatis,

373 2485 416 2541 Ι.
456 2485 694 2539 Trium
736 2485 1263 2557 praesidiorum
1301 2504 1528 2539 nexus
1569 2503 1640 2538 ac
1679 2492 2091 2540 concentus·

371 2627 497 2683 482.
539 2624 649 2680 Sed
686 2626 791 2680 hoc
828 2626 1073 2697 apprime
1113 2632 1210 2693 est,
1278 2625 1424 2697 quod
1462 2626 1759 2697 quaeritur,
1799 2632 1981 2680 utrum
2019 2628 2284 2699 indepen-

130 2743 133 2746 ’
199 2720 351 2788 dene,
415 2721 494 2775 uti
551 2720 703 2793 loqui
740 2719 1015 2793 solemma,
1073 2738 1266 2791 reapse
1332 2739 1451 2773 esse
1512 2721 1784 2792 statuique
1842 2739 2068 2775 romana
2126 2722 2284 2776 sedes

199 2814 436 2869 debeat?
511 2815 671 2883 Quod
709 2816 1029 2887 priusquam
1069 2814 1491 2885 expendendum
1542 2816 1857 2886 accipiatur,
1897 2815 1954 2873 id
1992 2815 2286 2890 observatu

198 2908 424 2980 dignum
476 2910 709 2977 videtur,
769 2929 932 2982 quam
989 2909 1263 2980 perfectus
1301 2908 1472 2962 veluti
1524 2916 1819 2963 concentus
1859 2916 1913 2962 et
1949 2910 2177 2963 intimus
2216 2911 2286 2965 sit
2343 2968 2346 2971 ,

198 3021 393 3073 nexus,‚
457 3007 552 3077 qui
600 3005 739 3058 inter
778 3006 883 3057 tria
919 3003 1028 3073 illa,
1069 2989 1413 3057 infallibilem
1452 3003 1592 3057 inter
1630 3011 1684 3057 et
1721 3003 2166 3075 inadpellabilem
2204 3007 2283 3060 in-

198 3104 389 3168 terque
427 3099 885 3170 independentem
936 3099 1224 3153 ecclesiam
1264 3117 1544 3151 romanam
1581 3098 1917 3152 intercedat:
1969 3107 2281 3170 concentUS,

197 3190 436 3261 inquam,
477 3199 533 3245 et
569 3211 744 3247 nexus
783 3200 894 3247 tam
949 3193 1239 3247 historicus
1299 3212 1462 3265 quam
1499 3191 1708 3264 logicus
1760 3202 1923 3266 atque
1961 3194 2280 3266 polemicu8‚

197 3283 353 3356 isque
391 3304 603 3339 rursum
641 3294 753 3340 tam
789 3289 997 3342 ratione
1035 3297 1270 3360 negante
1311 3308 1474 3361 quam
1513 3288 1832 3342 adfirmante
1871 3290 2207 3348 manifestus.

369 3379 496 3460 4837
536 3379 679 3435 Sane
720 3400 1002 3455 quousque
1041 3382 1269 3436 historia
1306 3391 1444 3437 teste
1485 3374 1764 3437 hominum
1805 3386 2038 3439 societas
2062 3405 2280 3458 pagana

199 3481 254 3527 ct
285 3491 319 3525 a
358 3472 576 3527 Christo
617 3475 843 3547 eiusque
885 3476 1119 3531 ecclesia
1157 3497 1354 3532 aversa
1394 3479 1609 3532 divinas
1637 3480 1830 3550 capitis
1869 3482 2080 3533 romani
2117 3499 2272 3551 prae-

196 3565 471 3636 rogativas
533 3567 898 3639 incompertas
938 3569 1179 3640 haberet,
1240 3571 1526 3644 nullasque
1585 3591 1705 3626 esse
1760 3572 1953 3643 vellet3
2012 3593 2076 3628 eo
2115 3576 2278 3629 etiam

197 3677 370 3730 usque
431 3659 721 3714 humanam
786 3662 1151 3735 socialemque
1216 3665 1460 3718 eiusdem
1517 3667 1710 3737 capitis
1770 3668 2146 3721 exsistentiam
2184 3668 2276 3722 ab-

200 3751 498 3806 sconditam
536 3754 772 3808 faciebat
793 3757 832 3828 ¹)
871 3756 976 3827 vel,
1004 3766 1063 3811 ut
1090 3758 1242 3812 nulla
1269 3778 1334 3813 ea
1360 3767 1518 3830 esset,
1550 3761 1926 3819 adnitebatur:
1966 3770 2154 3817 contra
2179 3765 2276 3818 vix

374 3912 410 3970 1)
443 3915 546 3957 Huc
575 3920 776 3970 spectant
805 3930 1085 3959 romanorum
1116 3919 1422 3972 episcoporum
1464 3924 1558 3962 tum
1602 3920 1753 3962 abdita
1795 3922 1844 3962 in
1872 3922 2023 3975 antris,
2054 3923 2276 3978 speluncis

199 3990 244 4031 et
274 3988 544 4033 catacumbis
574 3990 678 4044 vita,
710 3993 803 4034 tum
834 3990 1092 4033 subcessiva
1121 3992 1359 4036 eorundem
1388 3990 1607 4051 prioribus
1637 3994 1823 4038 saeculis
1855 3995 2081 4049 martyria.

1920 4081 2015 4129 58*

2378 1597 2569 1641 lngo-euin.

2362 3403 2577 3439 Historiam.
