2716 4446
1108 225 1173 238 -
1225 191 1333 257 359
1382 226 1453 238 —

242 354 303 401 ut
337 345 396 399 in
432 360 657 398 romana
694 341 902 396 unitate
960 339 1244 395 credentes
1303 359 1489 395 omnes
1546 358 1618 395 ex
1674 339 1865 395 eadem
1903 338 2092 394 divina
2128 357 2319 394 norma

243 456 398 493 suam
439 438 608 491 vitam
663 434 866 488 ducant
924 441 978 488 et
1034 434 1199 506 digne
1228 433 1268 507 ¹)
1327 433 1607 488 ambulent
1650 435 1953 504 vocatione,
1994 452 2102 506 qua
2138 433 2319 488 vocati

245 540 384 585 sunt.
423 530 591 584 Porro
630 527 1010 599 complectitur

411 625 461 681 3.
500 623 746 677 ordinem
783 622 1029 676 veritatis
1068 621 1371 700 iuridicum,
1396 621 1700 675 adficientis
1720 622 1769 694 ⁹)
1795 621 2045 676 similiter
2071 621 2317 676 volunta-

237 727 362 787 tem,
392 708 500 772 8611
539 734 836 771 conversae
864 714 934 768 ad
961 715 1276 769 societatem
1303 716 1700 770 coniunctionis
1738 715 2026 786 humanae,
2066 717 2161 788 qui
2188 715 2317 770 ordo

239 820 321 867 681
358 811 683 864 christianae
723 808 989 863 ecclesiae
1027 817 1432 881 provectaeque
1473 810 1746 863 societatis
1784 809 2092 881 religiosae,
2117 810 2317 864 mutuis

237 913 407 960 semet
462 904 742 958 hominum
797 904 855 957 in
909 904 1146 957 invicem
1205 903 1398 956 officiis
1450 903 1779 975 explicantis
1819 912 1872 958 et
1910 903 2137 973 iuribus,
2178 922 2317 976 quae

235 999 391 1053 Deus
428 998 546 1070 ipse
586 997 837 1052 Salvator
875 991 1235 1064 constituit'et
1274 998 1644 1068 consecravit3
1684 1005 1848 1069 atque
1886 997 2032 1052 hunc
2071 997 2319 1051 ordinem

237 1092 514 1148 infallibili
552 1094 872 1146 auctoritate
898 1091 943 1165 ³)
995 1109 1252 1145 romanus
1302 1092 1554 1163 pontifex
1598 1093 1679 1146 uti
1718 1091 1964 1146 divinum
2001 1091 2316 1164 proclamat,

234 1195 416 1242 tuetur
442 1196 496 1242 et
520 1187 737 1257 adserit,
777 1194 837 1241 ut
861 1205 1086 1241 romana
1113 1186 1295 1241 unitas
1321 1186 1564 1259 fidelium
1595 1187 1918 1257 „veritatem
1942 1187 2257 1241 facientium
2273 1187 2317 1256 4)

232 1284 290 1336 in
329 1284 554 1336 caritate
594 1290 805 1335 crescat
853 1282 911 1334 in
960 1280 1054 1335 illo
1093 1300 1192 1352 per
1231 1282 1428 1350 omnia,
1471 1282 1565 1352 qui
1603 1288 1686 1336 est
1724 1289 1888 1353 caput
1927 1280 2206 1336 Christus:
2248 1299 2319 1334 ex

234 1395 340 1449 quo
380 1383 552 1430 totum
591 1394 787 1447 corpus
828 1382 1169 1447 compactum
1197 1382 1252 1429 et
1277 1393 1586 1429 connexum
1623 1394 1723 1447 per
1760 1394 1975 1429 omnem
2013 1377 2319 1430 iuncturam

234 1470 766 1539 subministrationis»,
808 1469 1109 1524 secundum
1147 1470 1520 1542 operationem
1557 1470 1613 1523 in
1640 1489 1950 1524 mensuram
1976 1470 2318 1524 uniuscuius-

233 1582 338 1636 que
377 1563 623 1633 membri,
665 1572 1019 1635 augmentum
1053 1563 1319 1636 ‘corporis
1375 1564 1508 1618 facit
1563 1565 1621 1619 in
1660 1565 2098 1619 aedificationem
2138 1565 2223 1618 sui
2260 1565 2318 1617 in

232 1659 505 1729 caritate„
548 1658 620 1711 Et

403 1754 454 1808 4.
505 1752 885 1824 complectitur
936 1753 1181 1808 ordinem
1231 1755 1480 1809 veritatis
1518 1755 1855 1825 historicum,
1915 1754 1986 1808 ad
2023 1755 2318 1810 institutio-

232 1866 358 1900 nem
416 1847 483 1900 de
540 1846 707 1901 rebus
764 1849 902 1902 actis
961 1856 1324 1921 comparatae,
1367 1851 1461 1922 qui
1496 1850 1627 1904 ordo
1681 1857 1763 1904 est
1808 1836 2076 1904 factorum
2133 1849 2321 1903 divina

229 1941 565 1997 revelatione
623 1949 909 2013 certorum,
968 1952 1370 2016 provectaeque
1441 1944 1577 1998 adeo
1634 1945 1915 1998 relationis
1980 1946 2109 1999 sive.
2153 1943 2319 1998 oralis

234 2037 349 2090 sive
406 2038 641 2108 scriptae
698 2040 1029 2093 continentis
1087 2041 1522 2111 exponentisque
1597 2058 1707 2093 non
1781 2058 1991 2111 pauca,
2058 2057 2198 2111 quae
2261 2040 2319 2093 in

233 2130 495 2203 praefatis
534 2131 815 2187 ordinibus
874 2134 989 2188 sive
1046 2153 1079 2188 a
1127 2135 1305 2206 prima
1340 2152 1506 2188 causa
1545 2135 1661 2188 sive
1702 2152 1735 2187 a
1772 2134 1951 2187 causis
1992 2131 2247 2187 secundis
2272 2132 2317 2206 ⁵)

237 2327 381 2363 errare
410 2317 458 2358 in
486 2316 683 2358 doctrina
712 2328 883 2358 morum
912 2315 1124 2358 ecclesiae
1154 2314 1434 2370 tradendae„
1468 2315 1567 2358 Hoc
1597 2314 1757 2358 vellem
1776 2315 1914 2370 probe
1944 2315 2318 2357 animadvertere·

235 2393 320 2443 tur,
350 2390 611 2431 sententiam
641 2389 696 2431 de
723 2389 947 2431 infallibili
984 2390 1032 2433 in
1068 2389 1153 2431 hac
1197 2403 1331 2432 causa
1369 2388 1533 2432 iudicio
1564 2385 1826 2445 pontificum’
1852 2389 1940 2431 dici
1969 2402 1997 2431 a
2027 2388 2167 2431 Suare
2198 2402 2315 2431 com-

233 2474 407 2504 munem
428 2462 621 2503 omnium
641 2461 946 2516 theologorum
965 2475 1054 2503 non
1073 2462 1216 2515 modo,
1232 2475 1386 2503 verum
1403 2462 1534 2503 etiam
1554 2461 1865 2513 catholicorum
1888 2461 2145 2504 doctrinam.
2162 2462 2319 2517 Neque

233 2536 362 2586 sati83
393 2534 472 2576 sed
502 2547 556 2576 ex
586 2534 741 2576 eadem
770 2533 951 2576 illorum
982 2534 1181 2576 doctrina
1209 2534 1426 2587 bifariam,
1456 2537 1506 2575 ut
1535 2547 1681 2575 rerum
1710 2534 1832 2588 ipsae
1863 2537 2048 2576 naturae
2079 2534 2316 2589 postulant,

232 2606 346 2648 hanc
374 2606 594 2662 pontificis
623 2606 909 2648 inerrantiam
939 2607 1116 2648 omnino
1146 2610 1320 2661 patere:
1364 2610 1581 2661 quatenus
1622 2605 1830 2648 videlicet
1867 2610 2019 2661 partes
2049 2606 2168 2648 illius
2200 2620 2316 2648 com-

192 2671 207 2684 ’
233 2678 438 2734 plectitur
467 2677 694 2733 positivae,
723 2681 773 2719 ut
801 2679 938 2731 aiunt,
968 2682 1102 2733 atque
1133 2673 1427 2733 adfirmantes,
1461 2679 1620 2734 quibus
1651 2679 1870 2734 „pertinet
1890 2679 1948 2721 ad
1976 2679 2117 2720 bonos
2146 2691 2316 2732 mores„

235 2749 454 2792 docendos
486 2749 922 2805 praecipiendosque,
964 2754 1008 2791 et
1038 2764 1122 2804 „ex
1152 2752 1377 2805 opposito„
1411 2754 1558 2805 partes
1587 2755 1800 2806 negantes
1831 2756 1874 2794 et
1916 2750 2199 2794 excludentes
2228 2751 2317 2804 illa,

238 2822 396 2878 quibus
427 2823 606 2876 „inferri
634 2825 820 2877 possunt
849 2822 1043 2865 absurda
1073 2826 1118 2864 61
1147 2822 1410 2865 scandalosa
1439 2824 1486 2864 in
1517 2823 1750 2878 ecclesia.,‚

411 2894 445 2950 ¹)
475 2894 639 2949 Ephes.
670 2894 748 2938 IV.
786 2895 828 2941 1.
860 2908 963 2950 sqq.-

315 3024 318 3026 .
415 2964 450 3022 ²)
480 2967 608 3011 Unde
637 2967 943 3023 inseparabilis
984 2968 1040 3010 ab
1083 2967 1235 3010 ordine
1272 2969 1429 3011 morali
1469 2967 1652 3024 adparet
1683 2969 1788 3011 ordo
1818 2970 2058 3025 iuridicus:
2091 2970 2164 3012 hic
2192 2969 2317 3011 illum

237 3034 455 3094 supponit,
499 3039 643 3095 neque
688 3041 798 3082 citra
841 3053 986 3096 neque
1031 3044 1205 3095 praeter
1248 3041 1372 3083 illum
1419 3042 1592 3096 concipi
1635 3042 1726 3084 ullo
1771 3045 1902 3097 pacto
1931 3042 2070 3084 veluti
2098 3041 2316 3085 humanus

236 3115 393 3166 potest,
422 3112 559 3154 multo
588 3113 736 3155 minus
766 3114 905 3155 veluti
935 3113 1213 3158 christianus,

412 3180 449 3237 ⁸)
478 3182 561 3225 Est
589 3183 618 3229 l.
650 3197 687 3226 6.
717 3197 761 3229 11.
791 3182 891 3227 229.
938 3183 1099 3226 Suares
1142 3185 1315 3238 iterum,
1361 3199 1388 3227 a
1430 3199 1516 3241 quo
1547 3186 1874 3240 „confirmatur‚
1907 3187 2011 3241 quia
2039 3186 2240 3240 pontifex
2268 3187 2316 3228 in

237 3254 500 3297 declarando
530 3255 678 3311 aliquo
707 3258 815 3310 iure,
848 3271 905 3299 an
935 3257 1132 3300 divinum
1163 3259 1220 3300 sit
1248 3258 1321 3300 vel
1351 3248 1604 3313 humanum,
1643 3259 1921 3302 infallibilem
1961 3260 2097 3303 habet
2126 3262 2314 3303 auctori-

236 3331 395 3384 tatem3
428 3327 525 3382 quis
557 3329 673 3370 enim
703 3328 886 3383 dubitet,
919 3330 1152 3372 concilium
1191 3330 1491 3386 tridentinum,
1534 3345 1634 3374 cum
1674 3333 1827 3375 definit
1865 3338 2141 3376 sacramenta
2171 3335 2318 3377 omnia

238 3413 335 3442 6886
365 3400 419 3446 de
449 3401 544 3442 iure
574 3400 723 3443 divino
767 3403 980 3454 instituta,
1026 3407 1103 3444 aut
1147 3403 1466 3445 confessionem
1509 3417 1564 3446 ex
1592 3409 1828 3460 praecepto
1858 3406 2006 3448 divino
2036 3408 2317 3461 praemitten-

239 3471 339 3512 dam
370 3484 468 3513 esse
496 3476 598 3514 ante
629 3475 994 3527 communionem,
1027 3475 1201 3528 quando
1231 3475 1463 3518 intercedit
1503 3477 1772 3519 conscientia
1811 3479 1984 3532 peccati
2011 3479 2221 3531 mortalis,
2250 3479 2317 3521 in-

238 3543 466 3584 fallibilem
512 3543 756 3586 doctrinam
796 3546 1000 3588 tradere?
1044 3546 1133 3588 Aut
1179 3548 1278 3601 quis
1323 3553 1468 3602 neget,
1515 3562 1736 3591 summum
1780 3550 2034 3605 pontificem
2063 3550 2226 3592 habere
2271 3553 2319 3593 in

239 3614 488 3656 huiusmodi
521 3614 720 3658 doctrina
749 3618 980 3659 tractanda
1010 3619 1241 3673 aequalem
1260 3620 1334 3661 vel
1356 3621 1564 3662 maiorem
1585 3626 1847 3676 potestatem
1858 3623 1905 3676 ?„
1940 3622 2084 3665 Tanta
2111 3624 2318 3666 nimirum

240 3681 512 3728 tribuebatur
540 3687 608 3728 vis
640 3692 685 3729 et
713 3682 951 3731 auctoritas
983 3691 1114 3744 capiti
1145 3704 1278 3745 supra
1307 3692 1524 3746 reliquum
1555 3706 1728 3747 corpus.

417 3756 450 3812 ⁴)
480 3758 644 3812 EpheS.
675 3758 752 3803 lv.
795 3757 866 3803 15.
897 3772 962 3814 sq.

419 3828 453 3883 ⁵)
485 3830 588 3871 Huc
617 3831 751 3885 igitur
780 3844 834 3874 ea
862 3832 1029 3874 faciunt
1059 3835 1218 3887 omnia,
1251 3849 1363 3888 quae
1395 3835 1604 3878 divinitus
1635 3842 1869 3880 narrantur
1898 3839 2016 3881 facta
2044 3844 2135 3882 tam
2164 3853 2192 3881 a
2220 3839 2317 3882 Deo

240 3913 444 3956 supremo
475 3903 668 3944 omnium
693 3907 889 3967 auctore,
923 3917 1053 3960 quam
1084 3919 1111 3948 a
1142 3908 1351 3950 creaturis
1394 3908 1487 3950 eius
1515 3909 1798 3966 potissimum
1827 3911 2115 3955 rationalibus
2145 3912 2240 3954 sive
2269 3913 2316 3956 in

241 3973 374 4017 coelis
403 3974 496 4017 sive
525 3975 573 4018 in
601 3977 740 4020 terris.

2410 640 2599 676 luridieue.

2402 1766 2618 1803 Historicue.

2434 3195 2577 3229 Suara.
