2716 4446
964 213 1327 270 -89..

114 378 377 430 sententia
413 373 456 428 ¹:
511 375 602 443 „B.
647 373 980 442 Augustinus
1028 375 1078 426 in
1130 374 1236 440 his,
1293 374 1394 440 ait,
1446 373 1543 425 Dei
1584 374 1867 428 ecclesiam
1909 388 2030 426 esse
2069 386 2201 424 con-

114 471 385 538 stitutam,
460 469 547 536 qui
608 467 828 521 sedibus
887 468 1199 535 apostolicis
1231 504 1238 512 s
1264 484 1365 536 per
1427 468 1823 520 successionem
1887 465 2200 535 praesulum

115 565 428 634 praesidere
466 569 808 631 noscuntur.„
886 560 1146 615 Jamvero
1197 559 1315 614 fieri
1363 561 1572 629 nequit,
1626 567 1683 613 ut
1723 561 1971 614 absolute
2011 574 2200 612 neces-

117 659 316 711 sarium
364 659 458 726 sit,
519 673 637 710 cum
686 655 931 709 ecclesiis
980 654 1374 709 communicare
1429 671 1567 722 quae
1625 672 1657 706 a
1709 654 1939 706 veritate
1987 652 2201 705 divinae

117 752 417 805 traditionis
454 749 724 820 potuerint
774 748 1085 816 discedere3
1123 747 1304 800 'ratum
1355 763 1491 816 ergo
1540 748 1834 818 majoribus
1885 748 2011 814 fuit,
2063 748 2203 799 inter

116 863 211 912 ea,
252 862 389 913 quae
418 844 578 914 juxta
616 842 849 894 divinam
889 843 1254 895 oeconomiam
1297 842 1414 894 fieri
1454 847 1748 910 nequeunt,
1801 841 1855 893 id
1910 856 2034 893 esse
2071 855 2201 893 con-

117 937 492 994 numerandum
512 975 535 1010 ,s
565 940 620 987 ut
660 950 846 988 omnes
885 935 1151 988 ecclesiae
1191 935 1525 1002 apostolicae
1559 952 1663 988 una
1703 934 1960 988 deficiant
1997 952 2029 986 a
2056 934 2202 986 veri-

117 1040 227 1086 tate
265 1031 475 1084 divinae
514 1027 832 1080 traditionis,
899 1025 1141 1087 Concors
1192 1043 1328 1096 ergo
1376 1028 1588 1081 illorum
1643 1029 1960 1096 suffragium
2014 1028 2202 1081 haberi

117 1127 278 1180 debet
313 1129 372 1177 ut
409 1127 779 1190 argumentum
819 1127 873 1173 et
911 1121 1122 1188 signum
1162 1121 1230 1173 ad
1258 1122 1540 1175 veritatem
1582 1122 1696 1174 sine
1731 1123 1933 1175 erroris
1960 1122 2201 1191 periculo

116 1215 560 1288 cognoscendam.

257 1374 374 1428 120.
414 1371 491 1427 At
528 1373 807 1427 enimvero
846 1373 989 1427 redit
1019 1373 1312 1427 institutum
1353 1373 1603 1442 superius
1642 1372 1710 1427 de
1736 1372 2052 1426 Tertulliani
2091 1390 2202 1425 me-
2220 1381 2320 1451 sota
2387 1382 2566 1418 ecclesia

111 1467 276 1520 thodo
312 1474 708 1537 argumentum,
745 1469 904 1520 immo
931 1483 1065 1520 vero
1101 1473 1473 1536 argumentum
1500 1468 1666 1520 multo
1706 1467 1964 1520 illustrius
2003 1484 2071 1519 ex
2099 1467 2203 1519 hac
2218 1440 2568 1529 ἒῗὲζῗιῗιῖεἷῖῗὲἷῖ

109 1561 296 1615 eadem
322 1567 566 1614 veterum
593 1561 847 1615 methodo
867 1563 994 1615 licet
1015 1557 1038 1592 ²
1061 1579 1267 1615 eruere.
1296 1559 1518 1616 Scilicet
1543 1561 1588 1612 is
1614 1566 1783 1615 estex
1809 1559 2060 1613 Patribus
2085 1577 2202 1613 cum

110 1655 438 1708 Tertulliano
477 1656 719 1710 sincerus
740 1656 984 1709 veritatis
1011 1656 1338 1710 christianae
1364 1656 1664 1721 character,
1705 1662 1763 1709 ut
1791 1656 1857 1708 sit
1885 1656 2202 1725 apostolica.

108 1748 160 1802 Is
188 1754 364 1802 autem
399 1750 637 1802 nascitur
671 1767 740 1802 ex
780 1749 1058 1804 doctrinae
1091 1751 1491 1819 conspiratione
1529 1766 1645 1803 cum
1669 1749 2076 1819 praedicatione
2112 1766 2203 1803 ec-

59 1864 61 1866 ·
109 1843 391 1896 clesiarum
409 1843 831 1912 apostolicarum
851 1844 1189 1914 originalium
1216 1849 1272 1897 et
1293 1845 1607 1912 matricium,
1630 1845 1681 1896 in
1706 1845 1897 1912 quibus
1920 1860 2039 1898 cum
2065 1861 2202 1913 apo-

96 1937 332 1991 stolicae
354 1937 774 2007 praedicationis
794 1939 1204 1992 conservatione
1227 1936 1249 1970 3
1277 1939 1625 2007 interpellata
1646 1955 1932 2007 numquam
1949 1940 2047 1992 fuit
2068 1955 2204 2008 apo-

108 2032 416 2089 stolicorum
442 2047 816 2086 successorum
842 2033 1028 2086 series.
1078 2032 1280 2086 Verum
1305 2033 1359 2084 in
1381 2033 1691 2101 praesentia
1718 2047 1823 2085 non
1860 2033 2073 2085 exsistit
2097 2034 2203 2086 alia

107 2127 336 2195 amplius
375 2127 678 2195 apostolica
716 2127 982 2196 ejusmodi
1035 2127 1269 2181 ecclesia
1323 2127 1602 2195 originalis
1642 2134 1696 2180 et
1748 2129 1942 2181 matrix
1981 2135 2202 2196 praeter

105 2220 388 2275 ecclesiam
427 2236 715 2281 romanam.
792 2221 943 2289 Ergo
984 2222 1286 2290 apostolica
1325 2222 1515 2276 haberi
1552 2222 1737 2290 nequit
1775 2221 2021 2275 doctrina
2061 2240 2201 2290 quae

104 2329 210 2367 non
250 2322 512 2369 consonat
550 2332 670 2368 cum
710 2331 964 2369 romanae
1004 2315 1296 2369 cathedrae
1354 2315 1788 2384 praedicatione:
1842 2333 2018 2384 neque
2058 2318 2200 2369 chri-

104 2408 280 2461 stiana
300 2411 502 2462 veritas
543 2416 626 2462 est
662 2410 918 2478 quidquid
946 2413 1014 2463 ab
1042 2410 1231 2463 eadem
1259 2426 1481 2462 romana
1506 2410 1914 2479 praedicatione
1941 2411 2197 2464 dissonat.

255 2566 373 2622 121.
413 2567 527 2622 Sed
565 2584 702 2639 opus
741 2586 847 2623 non
884 2575 969 2623 est
1006 2569 1493 2642 nostraillatione3
1544 2569 1844 2638 praevertit
1881 2570 2019 2623 enim
2054 2571 2199 2624 illam
2219 2582 2448 2619 Concilium

105 2661 328 2731 sapiens
367 2679 434 2716 ac
472 2663 633 2717 docta
689 2665 995 2732 antiquitas.
1037 2661 1156 2733 ‚Ad
1202 2681 1316 2716 rem
1369 2665 1461 2716 vix
1515 2662 1787 2734 quidpiam
1838 2664 1943 2718 dici
1995 2681 2199 2734 oppor-
2277 2634 2394 2671 ΠΗ

106 2755 286 2807 tunius
325 2771 489 2824 posse
527 2758 772 2825 videtur,
812 2773 968 2826 quam
1007 2758 1154 2826 quod
1191 2759 1243 2810 in
1286 2757 1530 2833 Concilio
1569 2757 1711 2811 Vm.
1753 2760 1999 2827 graviter
2035 2775 2198 2828 pero-

111 2864 239 2900 rans
269 2845 294 2878 ⁴
345 2848 596 2904 Bahanes
641 2851 1199 2918 magnificentissimus
1254 2852 1511 2921 patricius
1567 2860 1621 2906 et
1672 2854 2017 2923 praepositus
2067 2854 2200 2906 dixit

107 2938 210 3009 [ad
246 2942 683 3012 iconomachos):
727 2945 1061 3014 „Imperator
1100 2951 1284 2999 noster
1322 2953 1540 3000 sanctus
1580 2963 1688 3000 non
1726 2964 1827 3001 vos
1866 2948 2091 3001 adduxit
2128 2949 2197 3001 ad

109 3036 250 3089 hanc
288 3044 527 3090 sanctam
568 3044 623 3091 et
662 3039 1021 3092 universalem
1070 3039 1334 3108 synodum
1386 3040 1455 3093 ad
1506 3041 1915 3111 disputandum,
1975 3043 2073 3095 sed
2127 3043 2194 3095 ad

106 3131 625 3186 commonendum...
664 3132 798 3186 Nam
837 3134 1018 3201 utique
1062 3134 1259 3201 nostiS‚
1308 3135 1433 3202 quia
1470 3134 1668 3188 Paulus
1698 3132 1720 3165 ⁵
1774 3135 1977 3189 Christi
2029 3151 2090 3189 os
2131 3137 2196 3188 li-

110 3223 275 3291 quido
314 3231 522 3292 monet,
572 3241 778 3279 omnem
818 3228 1148 3280 haereticum
1201 3221 1268 3281 ab
1310 3245 1413 3281 una
1451 3236 1505 3282 et
1553 3230 1791 3283 secunda
1830 3230 2194 3283 admonitione

110 3317 375 3369 devitare:
428 3326 484 3371 tu
530 3318 883 3385 (Theodorus
936 3322 1061 3375 sclc.
1114 3320 1515 3390 inconoclasta]
1566 3331 1744 3376 autem
1809 3320 2102 3377 senescens
2143 3325 2196 3376 in

234 3588 248 3616 ¹
278 3588 360 3645 Ep.
394 3587 453 3631 ad
481 3588 631 3633 Elium
660 3591 844 3647 aquiIei.
877 3592 1022 3649 episc.
1535 3640 1538 3644 Δ

233 3660 250 3688 ²
279 3660 413 3704 Eruit
444 3673 610 3717 reapse
642 3661 897 3720 Bolgenius
929 3677 1086 3722 opusc.
1118 3666 1375 3724 inscripto:
1407 3669 1445 3712 Il
1477 3671 1641 3716 critico
1675 3675 1911 3726 corretto,
1938 3686 2014 3715 nn.
2047 3674 2104 3715 52
2130 3687 2196 3729 sq.

230 3732 249 3760 ³
275 3733 337 3778 Ut
369 3737 461 3777 tam
494 3732 755 3777 formaliter
787 3739 837 3778 ut
867 3736 1000 3794 ajunt
1038 3751 1173 3794 quam
1213 3741 1520 3786 materialiter
1552 3745 1817 3800 apostolica
1852 3745 2056 3788 ecclesia
2090 3760 2197 3803 per-

25 3846 28 3850 .
110 3809 307 3849 severet.
370 3803 437 3850 Cf.
469 3806 529 3850 ib.
562 3820 628 3850 cc.
660 3807 759 3851 XX.
790 3807 974 3852 XXXII.
1006 3823 1104 3867 sqq.

225 3878 245 3908 4
277 3881 378 3924 Act.
409 3881 522 3925 VIII.
554 3895 627 3939 ap.
658 3882 797 3927 Hard.
829 3887 862 3927 t.
894 3884 950 3927 V.
982 3898 1024 3942 p.
1057 3886 1157 3930 880.

228 3953 324 3996 ⁵11.
357 3954 468 3998 Tim.
501 3955 570 3999 III.
603 3957 644 3999 5.
691 3957 864 4011 Quodsi
901 3958 1075 4003 Paulus
1119 3963 1192 4005 est
1222 3973 1277 4004 os
1321 3961 1522 4018 Christi,
1570 3962 1790 4021 profecto
1843 3966 2036 4010 verbum
2091 3964 2194 4023 ejus

110 4025 301 4071 verbum
333 4029 829 4084 apostolico-divinum
860 4036 944 4078 est.

1751 4113 1843 4170 6*
