2626 4432
1003 169 1364 226 ,31-

145 332 521 401 subjiciuntur,
558 330 746 383 merito
788 330 1055 381 honorare
1096 329 1321 396 debent,
1376 334 1429 381 et
1466 329 1634 396 ipsius
1673 328 1901 395 gloriam
1953 342 2018 379 ac
2056 324 2226 393 maje-

145 418 334 479 statem
375 427 570 493 ubique
602 438 925 492 propagare.
1004 420 1158 474 Unde
1198 420 1469 490 Agapitus
1510 422 1576 474 ad
1603 422 1958 475 Justinianum
1995 420 2224 486 impera·
2247 426 2449 472 Ayapitus
2485 427 2527 462 1’·

146 526 341 571 torem:
380 518 600 572 Honore
640 517 879 584 quolibet
916 516 1275 568 sublimiorem
1316 531 1431 568 cum
1461 516 1664 568 habeas
1693 511 2041 583 dignitatem,·
2071 528 2103 563 o
2131 513 2228 562 im-

145 618 390 681 perator,
443 611 650 663 honora
703 626 868 677 super
917 625 1101 661 omnes
1176 610 1263 676 qui
1316 609 1450 662 haec
1504 616 1555 661 te
1602 609 1852 676 dignatus
1909 614 1990 660 est
2030 606 2226 658 Deum:

148 707 394 774 quoniam
427 705 588 773 juxta
627 703 1016 756 similitudinem
1052 703 1303 756 coelestis
1353 703 1508 769 regni
1549 702 1770 754 tradidit
1820 702 1913 754 tibi
1960 707 2229 768 sceptrum

146 805 393 851 terrenae
431 797 737 865 potestatiS,
778 784 1102 847 ut‘homines
1143 795 1404 848 edoceres
1425 795 1559 864 justi
1588 795 1912 862 custodiam,
1951 801 2231 859 eteorum,

147 892 236 959 qui
273 892 424 957 quasi
459 905 620 942 canes
661 888 921 940 adversus
961 889 1132 956 ipsam
1170 889 1407 955 rabiunt,
1445 890 1791 942 insectareris
1818 890 2084 955 latratum,
2125 894 2231 940 tum

146 984 312 1052 ipsius
352 982 780 1050 obtemperando
819 982 1032 1048 legibus
1071 987 1178 1034 tum
1218 981 1467 1034 subditos
1504 983 1597 1034 tibi
1638 982 1879 1050 regendo
1918 997 2019 1050 pro
2056 981 2230 1050 jure„

290 1119 642 1171 Secundo
681 1117 1020 1170 statuendum
1061 1123 1172 1179 est,
1222 1117 1440 1170 eosdem
1482 1133 1643 1185 reges
1683 1124 1738 1169 et
1775 1118 2048 1186 principes
2093 1118 2234 1170 chri-

145 1211 375 1279 stianos,
416 1210 561 1262 nullo
599 1211 759 1263 modo
797 1205 851 1263 ifi
890 1212 999 1264 suis
1035 1212 1217 1280 regnis
1258 1228 1322 1264 ac
1374 1211 1665 1279 provinciis
1709 1210 1910 1262 debere
1951 1210 2233 1262 admittere

144 1305 445 1359 libertatem
486 1304 611 1356 fidei
639 1320 704 1357 ac
736 1305 1040 1373 religioniS,
1081 1307 1126 1357 si
1151 1305 1416 1374 impedire
1439 1302 1458 1335 ¹
1498 1321 1612 1356 eam
1642 1304 1864 1372 possint.
1915 1303 2064 1356 Haec
2096 1305 2231 1355 enim
2400 1362 2427 1396 3

143 1399 367 1452 libertas
407 1398 566 1467 plane
605 1398 789 1452 illicita
840 1405 894 1450 et
931 1399 1256 1451 christianae
1296 1398 1576 1452 doctrinae
1617 1398 1886 1450 contraria
1925 1403 2021 1449 est.
2098 1397 2231 1448 Nam
2252 1388 2573 1474 taber-maretz·-

146 1499 202 1545 ut
233 1492 360 1546 alibi
399 1492 535 1559 dixi,
573 1492 740 1545 multa
778 1492 831 1544 in
868 1493 1155 1560 evangelio
1183 1498 1330 1560 sunt,
1371 1509 1439 1544 ex
1473 1493 1664 1559 quibus
1692 1497 1928 1558 constat,
1966 1490 2233 1543 Christum
2333 1474 2485 1510 9²⁰⁷²‘⁸'

144 1603 301 1640 unam
340 1585 501 1639 fidem
539 1587 850 1654 mandasse,
898 1587 1102 1640 variam
1142 1604 1207 1640 ac
1246 1587 1589 1655 multiplicem
1638 1585 1996 1654 prohibuisse.
2072 1584 2159 1638 Ac
2201 1586 2235 1637 Ι.

145 1681 314 1734 voluit
353 1698 510 1734 unam
555 1687 758 1734 tantum
798 1681 1111 1749 ecclesiam,
1150 1698 1310 1736 unum
1348 1682 1517 1748 ovile,
1559 1697 1718 1733 unum
1750 1687 2039 1749 pastorem,
2080 1697 2237 1733 unum

145 1775 425 1844 baptisma.
501 1774 650 1827 Haec
700 1780 878 1828 autem
930 1776 1045 1828 sine
1096 1776 1298 1829 unitate
1345 1775 1468 1828 fidei
1514 1776 1811 1828 consistere
1851 1789 1956 1826 non
1996 1751 2263 1842 ροεειιῐιι.ὐ

121 1870 208 1937 ‚IL
247 1869 417 1922 voluit
455 1869 749 1937 discipulos
787 1884 915 1922 suos
954 1870 1236 1923 attendere
1286 1887 1318 1922 a
1353 1870 1502 1922 falsis
1542 1869 1858 1938 prophetis:
1918 1874 1973 1920 at
2009 1868 2062 1919 in
2103 1867 2243 1920 mul*

144 1963 314 2031 tiplici
353 1963 620 2031 religione
658 1979 883 2017 necesse
924 1971 1006 2017 est
1043 1965 1179 2017 alios
1218 1981 1339 2017 esse
1374 1963 1562 2032 verOS,
1611 1965 1745 2017 alios
1792 1963 1959 2016 falsos
1995 1962 2236 2032 prophe-

141 2062 240 2109 tas.
319 2055 469 2125 Ergo
497 2057 543 2109 si
578 2057 633 2109 hi
665 2038 985 2111 excludendi
1026 2065 1172 2125 sunt,
1212 2059 1350 2112 fides
1392 2076 1497 2112 una
1524 2058 1806 2112 retinenda
1834 2063 1917 2110 est
1955 2058 2109 2110 varia
2140 2075 2236 2109 ex-

143 2306 378 2352 catholico
407 2334 458 2340 —
492 2321 712 2352 romanae
744 2308 791 2352 in
822 2309 1025 2354 muneris
1050 2309 1119 2354 sui
1150 2310 1375 2355 exercitio
1401 2313 1547 2354 semet
1591 2308 1774 2366 penitus
1817 2305 2086 2369 ἀδιαφόρως
2119 2320 2236 2365 erga

144 2381 351 2425 ordinem
397 2381 478 2425 Dei
518 2382 772 2426 revelantis
814 2382 1008 2427 habere:
1043 2385 1148 2428 hinc
1190 2390 1241 2443 e)
1279 2384 1401 2441 quod
1434 2384 1479 2427 in
1512 2383 1676 2427 ordine
1708 2381 1876 2425 morali
1915 2395 1971 2425 ac
2002 2381 2233 2438 religioso

142 2453 265 2510 apud
297 2453 415 2498 alios
450 2452 661 2498 homines
708 2455 947 2511 usuvenit,
996 2460 1046 2500 ut
1089 2457 1179 2500 nisi
1218 2456 1587 2515 progrediantur
1628 2453 1816 2512 regredi
1855 2454 2067 2510 soleant,
2115 2454 2233 2497 idem

143 2526 265 2583 apud
295 2527 528 2584 pollentes
566 2530 803 2584 potestate
838 2529 1068 2588 contingit
1091 2530 1381 2587 historiaque
1408 2534 1527 2575 teste
1559 2527 1780 2586 contigit,
1811 2532 1861 2573 ut
1893 2528 1982 2572 nisi
2005 2528 2234 2572 ecclesiae

141 2601 368 2660 prodesse
399 2601 547 2645 velint
578 2601 746 2645 obesse
778 2603 1018 2660 incipiant.
1063 2602 1131 2649 Of.
1164 2604 1404 2662 Taparelli
1436 2616 1536 2661 sag.
1564 2607 1681 2647 teor.
1714 2600 1759 2643 di
1789 2601 1916 2646 dritt.
1948 2605 2042 2645 nat.
2076 2601 2169 2645 vol.
2204 2601 2235 2643 Ι.

144 2675 203 2719 ad
234 2679 331 2719 not.
367 2675 460 2719 CX.

80 2746 82 2749 ’
268 2749 282 2776 1
315 2747 396 2791 His
431 2744 723 2806 significatur
755 2749 958 2807 quidem,
1002 2751 1186 2796 civilem
1226 2753 1468 2797 societatis
1501 2751 1765 2796 catholicae
1805 2751 2087 2807 potestatem
2133 2746 2237 2792 offi-
2256 2761 2506 2796 ‘soler-antia.

147 2821 220 2878 cio
255 2820 431 2876 teneri,
479 2825 697 2877 quantum
729 2836 786 2867 ex
817 2837 868 2868 se
901 2828 973 2869 est
1004 2825 1242 2869 variarum
1275 2831 1507 2870 sectarum
1539 2825 1710 2868 cultum
1742 2822 1989 2880 impedire,
2034 2822 2238 2879 adsigni-

144 2892 312 2938 ficatur
346 2908 476 2950 vero,
509 2894 782 2954 contingere
813 2910 969 2953 posse,
1002 2901 1052 2941 ut
1084 2898 1307 2955 impedire
1338 2898 1454 2942 illud
1487 2901 1700 2955 nequeat.
1742 2896 1835 2941 Sed
1867 2895 1994 2939 aliud
2025 2899 2110 2950 est,
2144 2909 2236 2938 non

148 2984 289 3028 posse
322 2970 570 3028 impedire,
603 2975 651 3015 et
681 2972 809 3016 aliud
839 2973 1023 3030 penitus
1067 2987 1169 3017 esse
1201 2969 1561 3016 indifferentem:
1604 2969 1731 3015 aliud
1770 2969 1868 3026 pati
1909 2972 1959 3012 ut
1991 2967 2236 3011 inducatur

145 3044 469 3102 inductumque
504 3044 814 3101 tolerare,‘et
846 3046 973 3090 aliud
1004 3046 1171 3101 sinere,
1205 3041 1416 3100 efficere,
1450 3044 1660 3098 suadere,
1687 3044 1861 3102 juvare
1894 3045 1944 3086 ut
1975 3041 2235 3094 inducatur,

145 3114 470 3171 inductumque
512 3119 790 3173 protegere,
838 3129 1119 3172 promovere
1154 3118 1431 3177 juribusque
1483 3131 1538 3162 ac
1586 3116 1849 3174 privilegiis
1897 3116 2231 3159 cohonestare:

150 3188 276 3232 aliud
307 3188 501 3245 denique
534 3189 853 3245 est‘prudenti
883 3202 1000 3247 erga
1041 3188 1171 3233 illum
1205 3190 1479 3235 oeconomia
1511 3191 1598 3246 uti,
1641 3194 1689 3234 et
1727 3189 1853 3234 aliud
1893 3188 2081 3245 aequali
2120 3201 2236 3244 erga

146 3260 275 3304 illum
313 3259 478 3306 officio
519 3259 647 3306 affici
687 3276 778 3319 quo
826 3275 943 3320 erga
984 3276 1143 3307 veram
1185 3264 1482 3322 agnitamque
1523 3263 1697 3310 Christi
1738 3262 1997 3306 ecclesiam.
2061 3260 2237 3316 Quodsi

149 3345 266 3376 vero
299 3346 355 3376 eo
389 3336 574 3377 ventum
608 3334 696 3389 sit,
740 3338 792 3378 ut
829 3335 967 3391 plena
1012 3334 1212 3379 cultibus
1254 3335 1563 3393 quibuslibet,
1605 3336 1849 3381 dummodo
1882 3335 2125 3379 christiani
2157 3347 2237 3377 au-

150 3404 277 3449 diant
309 3419 457 3462 neque
488 3409 785 3463 opponantur
818 3407 955 3450 bonis
987 3409 1214 3464 moribus,
1248 3409 1534 3453 concedatur
1565 3423 1593 3453 a
1625 3410 1754 3454 civili
1792 3413 2030 3467 potestate
2068 3408 2237 3464 ubique

149 3476 370 3532 libertas,
409 3481 503 3521 tum
536 3478 797 3532 enimvero,
841 3492 959 3535 quae
1001 3484 1074 3524 est
1106 3494 1261 3537 opusc.
1303 3482 1357 3526 de
1391 3482 1668 3527 antichristo
1702 3478 1889 3541 egregii
1934 3483 2013 3526 Dr.
2047 3482 2236 3540 Maning

149 3549 400 3604 sententia,
434 3549 637 3593 civilium
670 3564 787 3606 quos
819 3554 993 3594 vocant
1023 3555 1225 3597 statuum
1253 3553 1534 3597 universalis
1568 3554 1749 3599 obtinet
1779 3554 2049 3611 apostasia,
2083 3557 2129 3598 et
2161 3568 2234 3597 so-

150 3622 295 3666 cietas
329 3636 419 3679 qua
451 3622 560 3666 talis
592 3637 684 3667 non
717 3627 789 3668 est
820 3623 1016 3680 amplius
1049 3625 1305 3670 christiana
1355 3639 1411 3671 ac
1457 3628 1712 3672 catholica:
1762 3631 1857 3672 tum
1887 3627 2105 3672 restituta
2136 3641 2238 3671 rur-

148 3710 248 3741 sum
281 3700 354 3740 est
384 3696 460 3740 lex
490 3696 669 3753 imperii
699 3697 880 3741 romani
912 3697 1006 3741 alia
1038 3698 1149 3742 licet
1178 3696 1354 3754 forma,
1387 3699 1491 3743 dum
1523 3701 1647 3757 apud
1663 3700 1798 3756 illos,
1830 3703 2018 3744 veteres
2049 3700 2235 3757 inquam

149 3782 396 3824 romanos,
439 3762 648 3813 omnibus
682 3769 899 3813 toleratis
941 3769 1207 3827 gentilium,
1250 3774 1300 3816 ut
1339 3771 1434 3816 Leo
1467 3772 1526 3815 M.
1560 3773 1648 3828 ait,
1691 3772 2105 3830 superstitionibus
2146 3787 2237 3817 una

147 3846 439 3900 premeretur
454 3842 632 3887 veritas
665 3842 941 3898 christiana;
974 3843 1097 3899 apud
1122 3856 1209 3886 nos
1234 3856 1349 3887 vero
1375 3844 1585 3888 omuibus
1609 3844 1968 3889 christianorum
1993 3845 2235 3889 erroribus

148 3915 387 3973 permissis
412 3930 502 3960 una
525 3920 766 3973 prematur
786 3915 964 3959 veritas
985 3916 1220 3960 catholica
1238 3929 1384 3974 eaque
1405 3931 1613 3962 romana.
1659 3919 1797 3963 Valet
1815 3919 2050 3963 enimvero
2071 3923 2118 3964 et
2134 3919 2235 3962 heic

149 3989 552 4048 generalissimum
569 3987 828 4047 sapientiae
845 3991 1066 4033 aeternae
1084 3987 1296 4034 effatum:
1321 3990 1436 4046 „Qui
1453 4005 1546 4036 non
1564 3995 1637 4037 est
1654 4005 1830 4036 mecum
1846 3996 2015 4038 contra
2031 4007 2104 4038 me
2121 3997 2233 4051 est„
