2716 4446
983 152 1332 214 „29-

126 306 436 360 universam
504 301 693 357 ecdem
731 306 1065 373 spectantem
1104 298 1498 371 supellectilem
1539 297 1790 367 attendit3
1840 298 1917 351 ita
1971 311 2194 349 suarum

46 398 48 400 ’
129 399 335 463 ambitu
359 398 400 470 ¹)
453 415 702 451 curarum
759 394 1136 466 complectitur
1204 394 1482 466 quidquid·
1529 393 1768 447 oblatum
1791 391 1836 461 Ω)
1895 390 1964 444 ad
2019 388 2200 443 debite

129 512 251 547 eum
290 490 685 546 observandum
722 490 970 559 iusteque
1011 487 1412 558 celebrandum,
1453 487 1523 542 ad
1561 487 1869 558 augendum
1902 483 2055 538 illum
2081 500 2201 554 pro-

127 585 559 656 movendumque
597 584 770 654 pietas
809 600 872 635 ac
897 582 1090 653 religio
1119 584 1536 635 consecraverit.
1612 580 1684 634 Et
1712 581 1852 632 sicut
1877 578 1948 632 ad
1973 577 2202 631 eandem

127 697 313 754 rurs-us
352 676 622 744 ἐπισκοπὴν
659 683 994 729 sacramenta
1031 683 1278 747 spectant
1315 693 1562 747 quaeque
1601 674 1671 727 ad
1708 673 2002 744 eorundem
2050 689 2202 725 exer·

128 775 315 828 citium
353 780 407 828 et
443 792 600 827 usum
637 771 972 839 referuntur3
1028 772 1106 824 ita
1162 770 1309 824 illius
1367 777 1492 824 sunt
1549 786 1906 841 quaecunque
1964 766 2034 819 ad
2082 766 2204 836 ipsa

127 867 419 922 solemnius
458 867 849 937 augustiusque
888 864 1283 936 frequentanda
1338 883 1436 934 pro
1487 863 1804 916 ministeriis
1861 879 1969 914 non
2021 860 2202 912 minus

129 979 292 1033 quam
327 979 424 1032 pro
462 960 723 1014 ministris
763 959 931 1011 sacris
972 957 1323 1011 conferuntur
1361 957 1505 1010 bona
1554 974 1619 1009 ac
1669 955 1812 1009 dona
1849 954 2201 1025 elargiuntur.

129 1055 270 1108 Tum
306 1073 436 1108 vero
474 1054 637 1107 etiam
688 1054 957 1119 ἐπισκοπῆς
1011 1051 1284 1122 praesidio
1341 1069 1406 1103 ac
1443 1051 1778 1103 munimento
1836 1056 2008 1102 totum
2067 1047 2204 1102 illud

129 1150 337 1221 regitur
374 1156 536 1220 atque
591 1147 918 1218 protegitur,
978 1145 1125 1217 quod
1179 1145 1249 1198 ad
1304 1145 1583 1216 proprium
1622 1143 1960 1215 aliorumque
2013 1141 2203 1196 salutis

133 1242 473 1298 commodum
512 1239 850 1295 credentium
888 1239 1106 1293 devotio
1147 1257 1210 1291 ac
1260 1239 1317 1291 in
1354 1237 1536 1291 Deum
1583 1237 1932 1291 observantia
1971 1254 2202 1307 sponsae

129 1335 332 1391 Christi
385 1333 773 1407 possidendum
830 1333 1042 1387 addixit
1099 1340 1391 1405 sancteque
1449 1331 1811 1386 dedicandum
1837 1332 1881 1402 ³)
1942 1330 2202 1384 decrevit.

128 1428 403 1482 Videlicet
440 1416 706 1500 quidquid
745 1447 958 1482 sacrum
997 1436 1107 1496 est,
1165 1427 1221 1480 id
1277 1445 1434 1481 omne
1493 1433 1761 1498 quatenus
1801 1431 1883 1478 est
1920 1423 2202 1491 eiusmodi,

128 1541 313 1576 sacrae
350 1524 606 1594 potestati
645 1522 960 1591 subiicitur,
1002 1540 1142 1594 quae
1181 1521 1292 1575 alia
1328 1521 1397 1574 ab
1438 1525 1707 1588 ἐπισκοπῆς
1744 1526 2012 1592 potestate
2050 1517 2205 1572 nulla

129 1617 299 1671 datur.
375 1616 535 1670 Unde
574 1616 759 1689 liquet,
797 1623 914 1670 rato
952 1616 1082 1669 licet
1119 1615 1450 1686 definitoque
1490 1615 1774 1686 potestatis
1813 1614 2042 1667 huiusce
2081 1631 2203 1667 cum

129 1710 373 1766 subiecto
411 1718 525 1764 tum
564 1710 787 1781 ambitu,
827 1730 924 1783 pro
964 1711 1117 1766 varia
1153 1719 1336 1765 tamen
1373 1710 1581 1764 ratione
1607 1727 1671 1764 ac
1696 1708 1879 1763 indole
1907 1726 2203 1777 sacrorum,

131 2001 189 2043 11.
219 2012 292 2056 pp.
322 1996 424 2042 287.
456 2007 552 2051 sqq.
594 1993 852 2049 „Quomodo
894 1994 1087 2049 episcopi
1127 1993 1354 2035 thesauros
1395 1992 1608 2034 ecclesiae
1651 1993 1870 2034 custodire
1903 1993 2103 2047 debeant,
2134 1994 2206 2036 vel
2252 2012 2367 2044 Isaac.
2403 2021 2531 2046 armen.

134 2073 350 2129 quomodo
388 2083 463 2113 eos
503 2067 851 2120 administrare.,‚
897 2065 1008 2111 0011.
1047 2066 1153 2110 ibid.
1193 2080 1264 2120 pp.
1307 2065 1407 2110 310.
1442 2080 1508 2120 sq.
1542 2066 1715 2108 concilii
1745 2067 1984 2108 tevinensis
2016 2080 2206 2108 canones

133 2145 177 2191 5.
207 2159 305 2201 sqq.

309 2214 344 2272 ¹)
378 2216 492 2260 Vide
523 2214 671 2269 Georg
700 2213 885 2268 Phillips
916 2213 1078 2257 Lehrb.
1112 2214 1154 2257 d.
1186 2212 1416 2253 Kirchenr.
1448 2225 1536 2255 sec.
1569 2212 1603 2252 Ι.
1637 2225 1673 2256 0.
1705 2210 1747 2256 3.
1780 2214 1846 2264 ἓξ.
1880 2210 1979 2256 131.
2013 2226 2110 2266 sqq.

307 2289 343 2344 2)
374 2289 471 2340 Quo
494 2289 670 2343 egregie
693 2287 800 2328 facit
821 2300 916 2327 can.
940 2284 983 2329 4.
1009 2285 1164 2340 synod.
1187 2284 1376 2326 Timoth.
1403 2285 1448 2325 in
1471 2283 1644 2328 collect.
1670 2298 1768 2328 can.
1792 2285 1947 2338 synod.
1986 2285 2209 2326 Ebediesu

133 2363 358 2417 metropol.
391 2362 564 2405 sobens.
597 2375 667 2415 ap.
698 2360 790 2401 Mai
820 2360 986 2413 scriptt.
1017 2362 1124 2399 vett.
1148 2362 1178 2400 t.
1202 2357 1256 2398 X.
1277 2371 1371 2411 par.
1409 2357 1446 2401 I.
1480 2371 1523 2411 p.
1548 2356 1618 2400 99.
1650 2357 1727 2398 ubi
1758 2361 1932 2411 praeter
1962 2358 2049 2398 alia
2078 2358 2207 2398 haec:

133 2435 289 2489 „Quod
319 2447 490 2476 summa
530 2446 634 2474 cura
675 2436 718 2473 et
763 2430 1012 2472 sollicitudo
1056 2430 1214 2471 debeat
1252 2429 1403 2471 haberi
1445 2429 1498 2470 de
1541 2430 1811 2482 substantiis,
1844 2431 2135 2484 eleemosynis
2167 2436 2210 2472 et

133 2506 323 2549 donariis
354 2519 407 2547 ac
436 2504 676 2546 redditibus
707 2503 1005 2554 ecclesiarum,
1048 2506 1096 2543 ut
1126 2503 1331 2543 nimirum
1379 2515 1478 2543 cum
1510 2505 1627 2543 omni
1657 2503 1812 2544 timore
1843 2503 1928 2544 Dei
1959 2504 2207 2545 custodian·
2256 2511 2433 2562 Ecclesiae
2456 2511 2534 2544 red-

129 2584 202 2622 tur
229 2610 243 2623 .
275 2610 287 2623 .
321 2608 332 2620 .
366 2577 524 2619 Omnia
554 2608 566 2620 .
599 2607 612 2620 .
644 2589 743 2617 cum
788 2576 924 2627 iussu,
969 2575 1154 2616 scientia
1198 2588 1251 2619 ac
1291 2574 1471 2615 licentia
1512 2575 1707 2628 episcopi
1750 2575 1999 2615 dioecesani
2029 2574 2137 2616 fiant
2167 2579 2211 2617 et
2341 2555 2449 2587 dnus.

131 2663 231 2692 cum
260 2649 442 2691 consilio
483 2646 755 2703 optimatium
798 2648 1165 2701 congregationis,
1206 2660 1289 2688 1100
1329 2647 1498 2700 possint
1537 2647 1755 2688 ullatenus
1799 2648 2102 2701 oppignerare,
2134 2652 2211 2688 aut

130 2722 319 2764 vendere
349 2734 419 2763 res
451 2721 677 2772 ecclesiae,
708 2733 852 2774 neque
883 2720 1135 2773 permittere
1166 2719 1355 2771 valeant,
1397 2723 1445 2759 ut
1474 2719 1695 2772 principes
1727 2723 1770 2760 et
1799 2721 2081 2774 magistratus
2113 2732 2209 2761 sese

129 2795 420 2837 intromittant
448 2805 547 2834 cum
577 2793 782 2846 episcopo
828 2792 874 2832 in
912 2792 1045 2832 hasce
1084 2791 1540 2845 administrationes„:
1585 2792 1686 2836 coll.
1726 2792 1889 2833 ibidem
1930 2807 2003 2847 pp.
2039 2790 2109 2836 11.
2143 2805 2208 2846 sq.
2283 2798 2413 2831 Canon.
2438 2808 2510 2841 cyr.

131 2867 309 2921 epitom.
341 2879 437 2907 can.
468 2868 611 2918 apost.
642 2876 770 2906 cann.
801 2863 1052 2906 XXXVIII.
1101 2877 1198 2917 sqq.
1243 2877 1338 2918 par.
1385 2864 1444 2908 11.
1491 2878 1565 2919 pp.
1610 2864 1652 2908 4.
1696 2878 1794 2919 sqq.
1828 2865 1983 2907 eccles.
2016 2865 2206 2907 antioch.

130 2951 270 2992 syror.
302 2949 530 2979 nomocan.
562 2949 600 2978 c.
631 2937 666 2977 I.
701 2940 804 2978 sect.
837 2934 878 2980 2.
913 2936 1009 2989 „De
1040 2937 1170 2977 rebus
1201 2950 1253 2977 ac
1284 2937 1527 2978 redditibus
1558 2938 1818 2990 ecclesiae„

305 3007 340 3062 ³)
370 3008 488 3050 Hinc
531 3012 597 3050 tot
641 3009 695 3050 de
744 3009 870 3050 bonis
912 3009 1129 3050 ecclesiae
1168 3012 1262 3050 tum
1303 3010 1572 3064 accipiendis
1603 3015 1696 3051 tum
1727 3010 2084 3052 administrandis
2115 3015 2207 3052 tum
2268 3016 2497 3051 Conciliomm

133 3080 395 3135 elargiendis
423 3084 517 3122 tum
556 3084 707 3122 contra
744 3085 940 3135 raptores
980 3082 1229 3123 asserendis
1268 3082 1457 3135 decreta,
1503 3083 1624 3136 leges
1656 3088 1699 3124 et
1730 3097 1932 3136 canone-⁶3,
1963 3085 2027 3124 uti
2057 3083 2207 3124 videre
2309 3070 2466 3095 canones.

133 3156 201 3194 est
245 3153 363 3207 apud
391 3153 592 3207 Bevereg
621 3154 649 3195 1.
682 3166 718 3196 c.
751 3167 796 3208 p.
826 3152 898 3197 28.
933 3167 1030 3198 can.
1062 3158 1200 3208 apost.
1234 3168 1328 3197 can.
1361 3155 1479 3195 XLI.
1528 3155 1628 3197 coll.
1660 3155 1783 3196 Pitra
1811 3156 1842 3196 l.
1876 3169 1914 3200 c.
1946 3170 1989 3210 p.
2021 3153 2091 3197 22.
2122 3155 2206 3196 Βο-

131 3237 280 3278 vereg.
312 3225 341 3265 1.
375 3237 412 3265 c.
442 3238 487 3279 p.
519 3224 620 3269 142.
667 3239 761 3267 can.
810 3226 963 3266 concil.
1000 3226 1197 3270 chalced.
1245 3240 1340 3270 can.
1388 3227 1551 3270 XXVI.
1601 3227 1699 3268 coll.
1747 3227 1869 3268 Pitra
1898 3228 1927 3269 l.
1960 3241 1997 3268 c.
2028 3241 2074 3282 p.
2104 3222 2206 3283 531.

134 3297 291 3340 concil.
322 3296 422 3340 VII.
455 3309 620 3341 oecum.
665 3311 760 3341 can.
810 3297 912 3338 XII.
954 3311 1023 3352 ap.
1067 3298 1282 3352 Bevereg.
1322 3298 1352 3342 1.
1394 3312 1430 3340 c.
1477 3313 1522 3355 p.
1554 3297 1654 3342 303.
1689 3299 1847 3344 concil.
1882 3301 2205 3354 constantinop.

134 3381 232 3411 can.
262 3368 301 3412 Ι.
331 3382 402 3423 ap.
434 3369 647 3423 Bevereg.
677 3369 706 3412 1.
742 3382 777 3410 c.
809 3384 853 3424 p.
885 3368 986 3414 331.
1022 3384 1116 3412 can.
1165 3371 1220 3414 X.
1266 3371 1373 3414 ibid.
1403 3385 1448 3425 p.
1481 3369 1581 3414 349.
1614 3372 1771 3416 concil.
1804 3386 1952 3425 ancyr.
1986 3385 2081 3415 can.
2116 3371 2206 3413 XV.

131 3440 235 3482 ibid.
266 3454 308 3494 p.
339 3437 441 3484 390.
473 3441 571 3481 0011.
602 3441 724 3482 Pitra
755 3441 784 3484 l.
819 3454 856 3483 0.
878 3456 919 3495 p.
941 3440 1042 3486 446.
1067 3443 1223 3486 concil.
1247 3440 1445 3487 antioch.
1468 3457 1592 3486 cann.
1619 3442 1784 3486 XXIV.
1807 3458 1872 3499 sq.
1898 3458 1969 3498 ap.
1991 3446 2206 3499 Bevereg.

130 3513 159 3554 l.
193 3526 231 3557 c.
262 3526 304 3567 p.
335 3510 436 3554 451.
474 3512 572 3554 coll.
604 3512 730 3553 Pitra
759 3513 788 3556 1.
821 3526 859 3557 0.
891 3527 936 3567 Ρ.
967 3512 1068 3559 464.
1102 3515 1259 3558 concil.
1303 3516 1503 3569 carthag.
1551 3530 1646 3557 can.
1690 3516 1856 3560 XXIX.
1888 3530 1959 3570 ap.
1990 3517 2206 3570 Bevereg.

129 3584 159 3628 l.
190 3597 223 3627 c.
257 3598 299 3639 p.
329 3583 433 3633 551.
466 3598 560 3626 can.
594 3584 801 3629 XXXVI.
833 3600 878 3640 p.
910 3585 1012 3631 560.
1056 3600 1168 3641 quae
1209 3589 1513 3642 complectitur
1559 3590 1605 3630 in
1637 3593 1856 3644 syntagm.
1889 3589 2110 3644 alphabet.
2141 3589 2206 3634 lit.

129 3657 185 3700 E.
217 3670 286 3711 ap.
318 3657 534 3712 Bevereg.
578 3657 606 3698 1.
648 3670 685 3699 0.
725 3661 758 3701 t.
801 3658 860 3698 II.
903 3672 975 3713 pp.
1021 3657 1120 3704 121.
1154 3673 1219 3714 sq.
1251 3661 1501 3703 Matthaeus
1531 3663 1771 3704 monachus
1803 3675 1882 3704 seu
1911 3662 2134 3703 Blastares
2166 3675 2206 3706 c.
2243 3678 2367 3710 Matth.
2393 3678 2551 3711 Blastar.

130 3729 248 3771 XVI.
281 3729 550 3772 inscribens:
589 3723 699 3770 “On
742 3725 804 3769 τοὶ
851 3729 940 3770 τῶν
972 3730 1202 3785 ἐκκλησιῶν
1251 3731 1506 3788 πράγματα
1547 3729 1825 3788 ἄνεκποίητα
1867 3723 1983 3774 εἶναι
2016 3734 2101 3782 δεῖ,
2132 3732 2208 3774 καὶ

132 3795 254 3845 ὅπως
271 3801 344 3843 δεῖ
357 3798 467 3845 τούς
484 3800 762 3845 ἐπισκόπους
778 3801 933 3843 ταῦτα
951 3803 1177 3845 decanatu.-
1208 3806 1364 3857 „Quod
1397 3806 1609 3848 ecclesiae
1639 3807 1755 3848 bona
1785 3807 2083 3848 inalienabilia
2112 3820 2208 3848 esse

130 3879 312 3929 oportet,
343 3879 387 3917 et
417 3875 634 3930 quomodo
665 3875 826 3917 debent
862 3876 1056 3931 episcopi
1086 3878 1164 3919 illa
1194 3878 1541 3931 administrare„
1574 3879 1632 3919 Et
1663 3892 1786 3920 conc.
1820 3892 1989 3923 cecum.
2022 3879 2206 3922 lateran.

129 3944 164 3989 1.
195 3959 266 3989 an.
296 3945 424 3995 1123.
473 3961 570 3995 can.
618 3947 661 3993 4.
725 3948 987 4002 „Praeterea
1036 3949 1159 3993 iuxta
1207 3950 1445 3993 beatissimi
1491 3949 1703 4006 Stephani
1746 3964 1886 4007 papae
1930 3952 2204 3994 sanctionem
2254 3958 2352 3993 Cone.
2370 3961 2518 3994 lateran.
