2716 4446
1083 185 1432 247 —351—

216 335 583 393 testimonium
623 334 690 389 de
731 353 951 389 suarum
992 353 1158 389 sensu
1182 332 1541 387 ecclesiarum
1568 330 1895 403 exploravit.
1931 328 2125 400 Neque
2149 323 2298 393 satiS‚

215 432 386 486 Facta
406 433 570 485 totius
597 449 794 484 causae
819 430 1241 501 investigatione
1269 428 1538 498 diligenti,
1566 426 1756 480 eadem
1784 424 1945 497 plene
1971 443 2005 476 a
2032 441 2089 476 se
2118 421 2299 491 cogni·
2314 415 2599 494 Αᾶἢὶὒῑῇἵαζαϋο
2619 422 2663 447 ‘²⁶

217 533 273 580 ta
310 533 365 579 et
402 524 472 578 ad
509 524 770 578 iudicium
808 531 1015 594 parata,
1057 523 1350 576 advocavit
1387 522 1519 575 Pius
1560 521 1846 574 devinctos
1899 518 2004 572 sibi
2043 515 2300 570 ecclesia-

217 640 337 674 rum
377 619 525 674 orbis
565 618 774 672 iudices
814 636 1031 671 omnes:
1082 617 1350 685 viderent,
1403 617 1795 684 examinarent,
1843 632 2065 668 causam
2103 619 2158 666 et
2194 611 2302 682 ipsi

219 721 639 785 cognoscerent3
697 711 910 766 ferendi
968 720 1153 765 tamen
1207 710 1399 764 iudicii
1454 729 1564 763 non
1623 710 2083 781 opportunitatem
2122 705 2300 773 mod0,

219 808 316 863 sed
353 809 534 880 ipsum
591 825 808 880 quoque
867 814 1050 859 actum
1107 813 1161 859 et
1216 806 1345 874 vim,
1388 805 1721 859 definitionis
1760 824 1869 858 non
1909 803 2053 857 diem
2093 809 2301 856 tantum

219 903 317 958 sed
352 903 572 957 modum
629 910 801 956 totum
859 910 913 955 et
951 901 1197 969 formam,
1251 903 1535 972 ipsamque
1576 899 1959 955 declarationis
1997 897 2302 966 formulam,

217 1004 388 1070 penes
428 1016 486 1051 se
524 1017 693 1051 unum
731 997 887 1052 fore..
921 997 1104 1068 Atque
1143 997 1220 1049 ita
1257 1015 1346 1049 res
1399 996 1470 1049 ad
1507 994 1846 1049 ineffabilem
1884 994 1994 1047 Dei
2022 993 2302 1065 genitricis

218 1094 480 1148 honorem
520 1101 573 1148 et
614 1092 718 1162 „ad
754 1093 1015 1146 maiorem
1046 1091 1086 1164 ¹)
1125 1091 1236 1144 Dei
1275 1090 1505 1162 gloriam
1546 1090 1871 1162 proficiens„
1931 1088 2120 1143 ordine
2160 1107 2304 1142 sum-

219 1207 306 1243 mo
346 1190 400 1243 et
437 1188 737 1242 universali
782 1187 990 1241 laetitia
1029 1196 1185 1258 gesta
1236 1194 1335 1256 est,
1386 1186 1516 1255 „ubi
1558 1189 1637 1240 sic
1678 1187 1918 1258 supremi
1957 1184 2153 1238 iudicis
2194 1202 2302 1236 ser-

218 1292 440 1339 varetur
493 1285 805 1353 auctoritaS,
863 1292 922 1337 ut
978 1283 1035 1336 in
1091 1281 1241 1335 nullo
1301 1281 1620 1335 inferiorum
1675 1288 1962 1352 putaretur
2017 1279 2305 1332 imminuta

219 1378 496 1449 libertas„

2288 1471 2300 1483 ⁶
2319 1466 2432 1498 Plena
2448 1465 2669 1504 episcopatue

393 1475 517 1529 374.
577 1473 688 1528 Sed
726 1492 832 1546 quo
874 1474 1146 1546 sapientia
1185 1472 1408 1544 plenum
1449 1491 1513 1525 ac
1552 1491 1722 1544 prope
1763 1472 2008 1525 divinum
2049 1471 2135 1524 Pii
2173 1490 2303 1525 nom
2319 1510 2502 1542 cmm-„im
2517 1510 2575 1541 „ia
2590 1519 2666 1541 m,

2427 1554 2554 1588 εεηείο.

220 1569 509 1624 consilium
548 1571 747 1624 eximie
787 1577 1155 1638 coronaretur,
1195 1568 1298 1621 hoc
1336 1568 1580 1639 profecto
1620 1576 1750 1636 erat,
1781 1568 1926 1640 quod
1952 1567 2088 1621 illud
2126 1567 2304 1638 splen—

184 1678 187 1682 “
219 1665 379 1718 didus
418 1684 483 1719 ac
521 1664 893 1718 nobilissimus
931 1671 1211 1736 pastorum
1251 1671 1639 1736 doctorumque
1680 1671 1900 1717 senatus
1940 1683 2012 1718 ex
2049 1664 2304 1717 universo

195 1753 350 1814 'orbe
390 1758 651 1813 collectus
690 1779 798 1812 non
838 1760 974 1812 citra
1013 1778 1214 1812 numen
1252 1758 1708 1831 manifestamque
1759 1758 1867 1812 Dei
1906 1758 2305 1829 providentiam

221 1863 439 1927 captum
477 1863 753 1910 censeret:
795 1857 928 1927 quin
967 1858 1151 1924 imm0,
1193 1855 1319 1908 inde
1360 1855 1503 1909 enim
1545 1853 1812 1908 ecclesiae
1853 1852 2059 1907 Christi
2115 1855 2305 1925 inpen-

222 1952 334 2021 sius
371 1950 755 2022 gratulandum
795 1950 1239 2023 protestabantur
1263 1951 1306 2023 Ω)
1347 1952 1503 2004 cuius
1543 1950 1740 2004 unitati
1779 1949 2055 2002 efficacius
2095 1948 2306 2002 consuli

221 2044 323 2099 hac
373 2047 700 2100 universalis
753 2046 1033 2100 scissionis
1087 2045 1568 2118 dissolutionisque
1610 2054 1787 2100 aetate
1834 2045 1982 2100 nullo
2010 2045 2170 2099 modo
2211 2065 2303 2118 po-

220 2143 405 2211 tuisse,
447 2161 611 2214 quam
650 2142 914 2214 singulari
953 2143 1222 2197 eiusmodi
1262 2142 1768 2214 solemnissimoque
1795 2144 2007 2196 romani
2033 2142 2305 2213 pontificis

221 2243 362 2304 actu,
424 2256 529 2309 quo
586 2257 692 2291 uno
748 2239 1020 2292 universis
1076 2258 1136 2293 re
1175 2240 1405 2310 ipsoque
1444 2237 1587 2291 facto
1627 2236 1926 2308 patefieret,
1967 2255 2087 2290 esse
2125 2237 2306 2308 ipsum

219 2331 590 2404 insuperabile
628 2335 794 2387 totius
835 2332 1101 2388 ecclesiae
1142 2342 1403 2404 centrum,
1445 2336 1622 2406 ipsum
1649 2331 2002 2386 inerrabilem
2029 2331 2305 2387 revelatae

218 2429 466 2482 veritatis
511 2431 881 2501 interpretem,
933 2430 1116 2501 ipsum
1167 2429 1511 2484 infallibilem
1551 2429 1947 2483 credendorum
1991 2429 2307 2500 dogmatum

218 2529 430 2595 testem,
470 2523 749 2578 doctorem
802 2532 855 2578 et
905 2525 1162 2594 iudicem,
1212 2544 1381 2578 unum
1431 2526 1614 2596 ipsum
1653 2525 1821 2578 totius
1861 2523 2173 2578 salutiferae
2213 2523 2305 2578 do-

216 2636 335 2671 mus
373 2626 583 2690 petram
640 2638 705 2673 ac
760 2620 1194 2690 fundamentum,
1252 2627 1472 2692 praeter
1529 2619 1674 2692 quod
1730 2620 1939 2674 nemini
1989 2618 2120 2674 licet
2156 2617 2306 2673 aliud
2364 2667 2367 2669 ,

217 2712 629 2768 fundamentum
670 2733 891 2786 ponere.

395 2923 428 2977 ¹)
460 2923 583 2975 Quae
614 2926 716 2964 sunt
743 2922 907 2965 Leonis
937 2923 999 2967 M.
1030 2924 1060 2969 1.
1097 2937 1135 2967 0·

395 2996 428 3050 ²)
457 2997 557 3039 Hoc
588 3001 758 3038 constat
787 2997 1004 3049 omnibus,
1050 3011 1135 3039 nec
1167 3002 1283 3039 certe
1315 3011 1370 3039 ex
1416 2998 1627 3039 memoria
1667 2997 1800 3038 ullius
1846 3010 2042 3051 unquam
2088 2996 2305 3055 delebitur

217 3083 380 3120 eorum,
413 3069 488 3123 qui
517 3073 651 3111 testes
682 3070 746 3111 rei
777 3070 940 3111 oculati
967 3070 1176 3122 aderant3
1210 3071 1254 3111 id
1285 3084 1363 3125 pro
1393 3070 1607 3112 ineffabili
1638 3070 1831 3124 Virginis
1861 3069 1907 3110 in
1938 3083 2007 3110 me
2038 3069 2303 3111 benevolen-

215 3142 278 3183 tia
307 3141 457 3183 datum
487 3143 617 3183 etiam
649 3142 756 3183 mihi
785 3143 879 3195 fuit,
912 3143 1029 3197 quod
1059 3157 1177 3184 nunc
1209 3145 1251 3184 in
1274 3144 1459 3197 gloriam
1481 3148 1525 3184 et
1544 3143 1752 3184 honorem
1776 3143 1972 3184 eiusdem
1993 3143 2186 3184 auctoris
2210 3147 2303 3185 tum

217 3214 271 3256 ad
292 3213 542 3256 firmitatem
573 3215 964 3268 certitudinemque
990 3216 1240 3256 testimonio
1263 3215 1582 3256 conciliandam
1603 3215 1732 3256 unice
1757 3215 1921 3256 dictum
1942 3215 2301 3270 intellectumque
2343 3240 2346 3242 -

214 3287 338 3342 volo;
369 3287 447 3328 sed
475 3287 648 3342 plenius
679 3301 757 3329 ora
786 3288 1009 3342 inpietatis
1041 3289 1348 3343 mendaciique
1391 3289 1685 3341 obstruentur,
1719 3289 1757 3330 si
1788 3293 1937 3330 tamen
1966 3288 2023 3329 ad
2053 3288 2137 3330 hoc
2168 3302 2300 3343 expo·
2390 3298 2590 3334 Mendacio.

216 3359 300 3402 sita
329 3360 490 3401 veritas
519 3359 652 3411 valet,
694 3364 737 3401 et
777 3364 966 3414 quantus
1006 3360 1213 3414 splendor
1243 3362 1418 3402 veritati
1450 3362 1678 3416 potestatis
1708 3362 1880 3416 plenae,
1914 3375 2026 3416 quae
2058 3366 2125 3403 est
2153 3362 2200 3402 in
2230 3346 2322 3403 rof

214 3445 343 3473 mano
374 3431 591 3486 pontifice,
622 3433 857 3474 accesserit
894 3447 948 3474 ex
987 3433 1066 3474 illo
1106 3434 1349 3474 inmortalis
1380 3433 1450 3475 Pii
1480 3438 1597 3485 actu,
1627 3434 1825 3487 profecto
1855 3436 2091 3488 aperietur,
2125 3436 2300 3489 quando

218 3503 333 3557 quod
359 3505 691 3558 praestolamur,
721 3505 906 3546 historia
935 3506 1072 3558 ipsius
1104 3506 1210 3547 facti
1243 3506 1496 3548 authentica
1527 3510 1570 3548 et
1599 3507 1811 3549 adcurata
1841 3508 1887 3548 in
1917 3507 2063 3549 lucem
2093 3509 2298 3563 prodibit.

218 3575 389 3617 Crassis
419 3590 473 3617 ac
502 3576 813 3631 inpudentibus
843 3578 1054 3619 falsorum
1085 3578 1309 3620 hominum
1341 3581 1615 3631 commentis,
1649 3580 1776 3634 quasi
1812 3579 2061 3634 dogmatica
2104 3582 2302 3624 inmacu-

216 3647 296 3688 lati
324 3648 519 3702 Virginis
561 3653 798 3705 conceptus
830 3649 1025 3691 definitio
1058 3663 1220 3691 novum
1259 3651 1513 3706 adposuerit
1553 3653 1898 3707 inpedimentum
1940 3654 2113 3696 unionis
2159 3656 2302 3697 orien-

215 3721 369 3763 talium
401 3721 778 3763 schismaticorum
810 3736 908 3764 cum
939 3737 1122 3765 romana
1152 3725 1352 3776 ecclesia,
1384 3729 1518 3779 atque
1549 3725 1744 3767 eiusdem
1775 3726 2040 3768 definitionis
2072 3730 2302 3770 occasione

215 3794 437 3849 principes
468 3794 756 3836 ecclesiarum
787 3795 968 3849 aliquod
999 3802 1152 3838 contra
1183 3798 1299 3840 sedis
1320 3812 1533 3840 romanae*
1559 3800 1844 3841 inerrantiam
1875 3800 2093 3842 ediderint
2114 3802 2302 3856 signum,

215 3866 280 3907 rei
309 3866 539 3908 veritatem
557 3868 761 3921 opposuit
790 3868 870 3911 Dr.
886 3868 1219 3923 Hergenriither
1248 3872 1293 3911 in
1325 3871 1416 3912 suis
1449 3873 1604 3924 „novis
1636 3872 1791 3913 studiis
1813 3872 1868 3913 de
1891 3879 2080 3928 separat.
2104 3875 2301 3918 oriental.

216 3943 260 3980 et
289 3939 548 3984 occidental.
591 3940 833 3994 ecclesiae„
878 3954 991 4008 quae
1033 3942 1383 3997 complectuntur
1426 3944 1654 3998 „criticam
1693 3946 1922 3989 recentiss.
1966 3960 2036 4001 op.
2078 3946 2180 3992 hist.
2219 3948 2298 3991 Dr.

214 4009 414 4065 Pichler„
446 4011 674 4068 Herbipol.
707 4011 834 4057 1864.
855 4027 940 4069 pp.
968 4012 1040 4058 35.
1063 4008 1149 4060 48.
