2716 4446
1331 215 1401 222 --
1479 180 1592 241 170
1637 213 1732 236 .—

143 343 659 439 sseississefhvr1⁶0⁸3¹¹⁰bis
698 342 845 393 velut
881 341 1136 393 vicarium
1169 338 1188 371 ¹
1224 342 1574 407 relinquebat.
1653 339 1746 392 Sic
1784 341 1919 391 enim
1957 340 2150 393 habes:
2193 340 2376 394 Simon
2407 341 2578 395 Joan-

263 455 368 489 rius.
506 437 585 487 nis
627 434 804 501 diligis
843 435 1064 486 mess...
1117 433 1266 485 Bene
1305 435 1549 486 conscius
1589 433 1670 484 sui
1717 447 1821 483 non
1874 432 1941 484 ad
1988 439 2196 502 tempus
2236 442 2580 503 assumptum,

506 529 599 581 sed
632 528 947 596 jamdudum
986 527 1099 580 Deo
1140 528 1406 593 cognitum
1433 526 1628 578 Petrus
1668 525 1985 578 testificatur
2023 526 2284 580 affectum.
2325 509 2472 590 “Quis
2498 534 2582 581 est

506 622 643 674 enim
695 620 852 685 aliuS‚
889 621 995 686 ·qui
1049 620 1116 672 de
1157 636 1216 671 se
1262 619 1368 671 hoc
1415 619 1573 671 facile
1612 617 1856 686 profiteri
1895 620 2105 688 possit?
2164 619 2236 673 Et
2283 620 2407 673 ideo
2457 621 2581 688 quia

506 717 650 767 solus
690 714 977 782 profitetur
1017 732 1085 767 ex
1125 712 1392 776 omnibuS,
1432 712 1674 764 omnibus
1712 711 2037 780 antefertur3
2074 713 2250 782 major
2289 714 2428 766 enim
2467 714 2581 767 om-

502 809 656 861 nibus
695 808 968 860 caritas..
1009 807 1250 874 Denique
1276 806 1435 858 tertio
1466 805 1719 857 Dominus
1745 820 1850 857 non
1883 806 2026 874 jam,
2066 806 2258 874 Diligis
2285 807 2412 860 me?
2464 807 2581 875 sed,

501 899 671 953 Amas
710 902 843 954 me?
899 901 1282 968 interrogavit3
1336 905 1391 951 et
1430 898 1546 968 jam
1598 914 1705 952 non
1745 913 1941 966 agnOS‚
1995 906 2052 952 ut
2095 901 2292 969 prim0,
2348 900 2582 968 quodam

502 996 643 1047 lacte
683 995 1007 1060 vescendOS,
1047 1011 1147 1048 nec
1184 994 1451 1058 ovicuIOS‚
1502 998 1559 1045 ut
1597 992 1865 1059 secundo,
1918 993 2014 1045 sed
2062 1008 2194 1046 oves
2231 1009 2461 1062 pascere
2490 994 2582 1062 ju-

207 1092 486 1136 perfectiores
503 1091 683 1156 betur,
737 1089 1094 1157 perfectiores
1147 1094 1205 1141 ut
1262 1087 1559 1156 perfectior
1626 1089 2003 1154 gubernaret„
2099 1085 2392 1141 Ambrosio
2447 1102 2582 1156 ergo

161 1143 488 1232 perssgmartfu-
504 1183 728 1236 doctore
767 1197 874 1234 non
913 1183 989 1234 uti
1024 1182 1236 1249 aequali
1274 1180 1368 1233 sed
1409 1181 1484 1232 uti
1522 1180 1759 1247 vicario,
1810 1181 1887 1233 uti
1933 1180 2125 1248 maj0ri
2163 1181 2584 1249 perfectiorique

504 1276 745 1328 omnibus
808 1291 993 1328 omnes
1043 1293 1074 1328 a
1123 1274 1338 1327 Christo
1389 1289 1522 1327 oves
1575 1274 1738 1327 Petro
1792 1273 2111 1342 creduntur,
2165 1274 2456 1327 creduntur
2505 1273 2584 1330 illi

504 1370 708 1423 directe
743 1376 797 1422 et
831 1370 1132 1422 immediate
1159 1367 1196 1436 ²,
1237 1375 1396 1436 atque
1435 1367 1727 1421 creduntur
1766 1383 1899 1420 oves
1938 1369 2229 1421 universae
2262 1368 2314 1420 ei
2350 1368 2466 1420 soli.

212 1549 488 1595 Auyustinus.
648 1529 773 1582 207.
811 1528 1000 1596 Neque
1040 1529 1195 1581 aliter
1229 1525 1569 1595 Augustinus
1601 1523 1638 1591 3,
1675 1526 1762 1594 qui
1800 1543 1869 1578 ex
1895 1526 2078 1579 verbis
2106 1523 2368 1594 Cypriani
2396 1521 2420 1555 4
2459 1524 2584 1579 hinc

505 1623 878 1675 auctoritatem
907 1619 928 1651 5
967 1629 1021 1675 et
1058 1621 1181 1674 inde
1220 1621 1534 1674 modestiam
1583 1619 2039 1696 humilitatemque
2069 1614 2090 1648 ⁶
2142 1619 2291 1671 Petri
2329 1616 2583 1687 Apostoli

504 1715 830 1768 dilaudantis
869 1716 972 1769 hoc
1000 1722 1188 1769 contra
1231 1715 1613 1767 donatistarum
1652 1714 1978 1781 impietatem
2019 1718 2390 1782 argumentum
2422 1712 2606 1781 petitzp

505 1809 683 1878 „Ecce
721 1811 812 1865 ubi
850 1815 1230 1862 commemorat
1269 1808 1603 1877 CyprianuS,
1663 1807 1806 1874 quod
1846 1808 2003 1858 etiam
2042 1822 2140 1859 nos
2193 1807 2246 1858 in
2286 1804 2583 1874 Scripturis

147 1920 194 1955 ιη
221 1921 346 1956 Petro
364 1930 487 1967 prae-
504 1904 705 1956 sanctis
746 1903 1050 1970 didicimuS,
1090 1900 1414 1971 Apostolum
1440 1901 1656 1954 Petrum
1681 1901 1732 1952 in
1775 1916 1879 1967 quo
1905 1901 2163 1969 primatus
2191 1896 2581 1968 Apostolorum

142 1973 610 2068 ib'iii'rssfflssr‘ssiissltam
649 1998 936 2050 excellenti
975 1997 1152 2064 gratia
1195 1996 1561 2064 praeeminet,
1621 1995 1777 2046 aliter
1828 2010 1983 2061 quam
2030 1994 2233 2046 veritas
2276 1993 2584 2061 postulabat

270 2077 352 2111 ‘M‘
503 2093 570 2145 de
602 2091 1007 2145 circumcisione
1046 2106 1213 2156 agere
1268 2089 1480 2141 solitum
1527 2105 1560 2140 a
1598 2089 1898 2156 posteriore
1941 2085 2214 2156 Apostolo
2249 2085 2421 2138 Paulo
2459 2101 2583 2138 esse

502 2192 917 2239 correctum...
992 2182 1051 2235 Si
1099 2184 1297 2252 potuit,
1346 2183 1584 2248 inquam,
1645 2182 1837 2233 Petrus
1886 2187 2076 2233 contra
2120 2179 2365 2231 veritatis
2414 2162 2581 2246 regu-

501 2280 606 2331 lam
639 2277 659 2309 ⁷
697 2294 852 2345 quam
893 2282 1084 2345 postea
1123 2276 1353 2329 ecclesia
1405 2275 1597 2339 tenuit,
1654 2289 1854 2342 cogere
1899 2279 2089 2342 gentes
2120 2272 2435 2342 judaizare,
2487 2288 2583 2325 cur

501 2388 606 2425 non
646 2372 817 2441 potuit
858 2370 1164 2440 Cyprianus
1205 2375 1392 2422 contra
1430 2369 1674 2436 regulam
1711 2369 1955 2420 veritatis
1983 2364 2005 2397 8
2044 2383 2200 2435 quam
2237 2372 2431 2435 postea
2465 2371 2582 2417 tota

503 2467 736 2519 ecclesia
775 2466 965 2534 tenuit,
1021 2480 1221 2532 cogere
1271 2463 1575 2516 haereticos
1622 2462 1713 2514 vel
1763 2462 2132 2515 schismaticos
2180 2460 2355 2512 denuo
2402 2459 2580 2528 bapti-

504 2561 663 2612 zari?
720 2559 854 2611 Puto
918 2558 1060 2626 quod
1110 2559 1225 2610 sine
1264 2558 1374 2610 ulla
1427 2542 1509 2608 sui
1557 2556 1877 2608 contumelia
1931 2553 2235 2624 Cyprianus
2289 2554 2580 2622 episcopus

501 2654 665 2706 Petro
704 2650 978 2721 Apostolo
1018 2658 1387 2720 comparatur,
1429 2655 1681 2717 quantum
1719 2649 1909 2701 attinet
1947 2648 2016 2700 ad
2041 2647 2285 2715 martyrii
2310 2661 2579 2700 coronam.

625 2892 637 2920 ¹
669 2891 811 2946 Ecce,
843 2889 1115 2934 Ambrosius
1148 2889 1337 2932 Petrum
1367 2891 1508 2932 vocat
1539 2887 1711 2931 amoris
1754 2885 1928 2932 Christi
1965 2886 2214 2940 vicarium,
2260 2884 2383 2942 quod
2413 2897 2581 2932 nomen

504 2978 685 3022 semper
717 2964 897 3008 romani
929 2962 1139 3021 episcopi
1171 2967 1217 3007 et
1259 2965 1578 3006 ornamentum
1621 2973 1767 3017 porro
1810 2964 1858 3003 et
1898 2973 2056 3002 munus
2097 2956 2390 3014 officiumque
2439 2956 2582 3015 signi-

502 3035 673 3081 ficavit.

625 3110 642 3138 2
672 3110 800 3167 Ergo
831 3106 1129 3165 praeposteri
1160 3110 1266 3150 sunt
1306 3106 1384 3162 qui
1424 3104 1469 3148 vi
1502 3105 1640 3162 hujus
1671 3102 1925 3148 testimonii
1963 3102 2264 3156 contendunt,
2303 3100 2580 3153 immediate,

506 3198 561 3227 ex
600 3197 726 3238 sese,
769 3187 815 3226 et
849 3181 1023 3225 directe
1066 3194 1180 3224 oves
1223 3179 1397 3223 Christi
1437 3191 1594 3221 omnes
1635 3176 1906 3220 commissas
1945 3177 2044 3219 sive
2078 3175 2288 3218 omnibus
2327 3188 2383 3218 ex
2429 3186 2577 3230 aequo

506 3270 607 3299 esse
639 3255 882 3312 Apostolis
916 3255 1014 3298 sive
1046 3251 1315 3310 pastoribus
1348 3251 1509 3308 gregis
1543 3248 1759 3292 dominici
1790 3247 2030 3292 universis.

624 3329 642 3357 ³
673 3329 738 3371 De
774 3328 939 3385 baptis.
973 3339 1010 3370 c.
1041 3325 1196 3369 donat.
1230 3320 1342 3367 L'lI.
1375 3335 1413 3366 c.
1447 3323 1487 3364 1.
1520 3335 1561 3365 n.
1593 3323 1633 3364 2.
1666 3334 1772 3378 opp.
1804 3325 1835 3365 t.
1867 3321 1942 3366 IX.
1976 3334 2048 3378 pp.
2085 3322 2142 3365 96
2173 3335 2239 3378 sq.

620 3401 640 3430 4
671 3400 740 3444 Ex
769 3414 840 3457 ep.
874 3400 933 3443 ad
964 3399 1116 3454 Quint.
1146 3397 1302 3443 LXXI.

624 3474 643 3502 ⁵
672 3473 958 3517 Potestatem
989 3471 1120 3516 Petri
1152 3470 1414 3529 Cyprianus
1457 3482 1515 3512 ex
1560 3468 1719 3512 verbis
1760 3467 1936 3517 Christi
1981 3466 2103 3523 apud
2133 3466 2427 3510 Matthaeum.
2458 3464 2578 3511 XVL

508 3548 575 3590 18.
608 3546 820 3590 ostendit.

625 3619 642 3647 ⁶
672 3618 984 3662 Humilitatem
1013 3619 1144 3663 Petri
1177 3618 1439 3676 Cyprianus
1472 3630 1528 3660 ex
1558 3616 1616 3658 iis
1649 3613 1852 3658 ostendit
1884 3626 2002 3670 quae
2033 3612 2261 3655 habentur
2291 3609 2391 3654 Gal.
2424 3607 2473 3653 ΙΙ.
2506 3609 2575 3650 11.

626 3692 643 3718 '¹
674 3690 799 3733 Haec
829 3694 978 3734 tamen
1011 3691 1176 3749 regula
1212 3691 1478 3748 pertinebat
1519 3690 1577 3733 ad
1607 3692 1844 3732 externam
1882 3685 2194 3730 instituendae
2238 3683 2368 3726 vitae
2405 3683 2575 3726 οἰκονο-

506 3766 612 3817 μίαν
643 3762 879 3807 dumtaxat
922 3777 1038 3820 quae
1078 3778 1153 3808 res
1199 3778 1256 3808 ea
1297 3766 1452 3807 aetate
1492 3762 1748 3806 adhucdum
1793 3763 1898 3803 erat
1939 3756 2178 3814 prudentis
2219 3753 2403 3798 consilii
2441 3753 2576 3811 cujus

508 3835 801 3878 conservatio
833 3835 911 3877 vel
940 3836 1197 3880 immutatio
1229 3848 1258 3878 a
1289 3837 1502 3880 locorum
1534 3845 1928 3891 personarumque
1960 3827 2191 3888 adjunctis
2222 3825 2459 3883 penderet:

624 3905 643 3934 8
672 3907 797 3949 Haec
825 3920 972 3962 porro
1005 3908 1468 3965 regula-pertinebat
1503 3907 1564 3951 ad
1594 3910 1759 3967 πρᾶξιν
1799 3904 1998 3948 innixam
2041 3899 2266 3957 principio
2307 3897 2572 3943 theoretico

509 3975 630 4031 quod
659 3977 872 4021 revelata
901 3979 1100 4023 veritate
1134 3981 1413 4024 continetur.
