2626 4432
933 172 1297 230 -13-

74 340 332 394 Dominus
387 335 744 406 glorificavit,
797 331 1131 386 Novatianus
1183 330 1236 381 in
1289 329 1522 382 ecclesia
1575 342 1684 380 non
1739 332 1869 395 est„
1962 324 2163 377 Nullibi

77 448 211 502 ergo
260 438 315 486 et
366 430 510 500 apud
558 428 820 481 neminem
869 427 1058 494 quaeri
1113 424 1408 491 haberique
1463 438 1683 476 romana
1739 422 1915 474 unitas
1967 423 2162 488 potest,

80 543 237 596 quam
275 526 329 578 in
368 524 528 578 coetu
566 523 894 576 cohaerente
942 537 1059 575 cum
1110 519 1352 588 legitimo
1399 517 1548 571 Petri
1599 529 1933 569 successore.
2010 509 2164 574 Quod

78 620 355 674 doctrinae
393 622 557 687 caput
593 617 784 670 iterum
825 616 1124 683 iterumque
1154 614 1429 667 inculcare
1465 610 1607 664 idem
1646 607 1703 662 S.
1732 608 1947 675 Martyr
1984 611 2166 658 tantae

78 712 414 767 necessitatis
467 710 651 778 duxit,
707 716 768 763 ut
821 708 892 762 ad
928 709 1233 760 universam
1284 707 1501 776 plebem
1553 704 1621 757 de
1671 718 1738 756 eo
1771 703 1979 755 litteras
2011 696 2032 736 1-
2070 699 2167 752 de-

80 805 241 874 derit,
279 805 332 857 in
371 805 562 872 quibus
600 808 819 872 praeter
857 801 1052 855 eximia
1094 801 1260 854 multa
1297 801 1437 854 haec
1474 800 1754 867 leguntur:
1816 794 1995 864 „Deus
2032 809 2168 847 unus

80 903 190 963 est,
229 901 285 949 et
322 894 569 949 Christus
608 911 744 948 unus
782 901 836 948 et
874 911 981 947 una
1020 894 1282 961 ecclesia,
1323 899 1378 946 et
1416 893 1679 947 cathedra
1716 907 1823 945 una
1861 906 2026 959 supra
2063 888 2168 941 Pe-

79 996 218 1061 trum
257 984 355 1055 (al.
404 1002 569 1056 supra
604 983 850 1054 Petram)
890 984 1103 1038 Domini
1144 1000 1284 1039 voce
1334 985 1667 1039 fundata...
1742 974 1990 1051 Quisquis
2044 982 2171 1035 alibi

80 1081 388 1150 collegerit,
439 1081 666 1151 spargit.
740 1077 1066 1132 Adulterum
1106 1085 1218 1147 est,
1268 1079 1484 1149 impium
1531 1084 1645 1145 est,
1697 1077 2021 1144 sacrilegum
2071 1081 2170 1141 est,

81 1176 438 1246 quodcunque
465 1176 697 1229 humano
735 1174 920 1227 furore
941 1172 1244 1240 instituitur,
1283 1177 1343 1225 ut
1369 1171 1654 1241 dispositio
1681 1169 1863 1222 divina
1886 1168 2168 1235 violetur.„

81 1270 282 1335 Quibus
335 1270 406 1323 ad
465 1269 722 1323 unitatem
771 1282 1045 1323 romanam
1096 1265 1486 1320 ostendendam
1531 1263 1767 1332 legalem
1805 1261 2052 1331 jurisque
2090 1259 2172 1311 in-

84 1363 377 1432 violabilis,
414 1363 617 1431 requiri
653 1362 788 1415 nihil
823 1361 1087 1430 insignius
1125 1361 1340 1430 poterit.

241 1521 323 1578 17.
361 1520 474 1575 Sed
507 1522 780 1576 enimvero
818 1519 909 1574 111.
959 1524 1344 1589 quaenamvest
1399 1517 1572 1587 prima
1611 1531 1678 1569 ac
1714 1514 1996 1584 potissima
2034 1512 2176 1566 chri·
2191 1526 2386 1588 speratas
2421 1524 2486 1560 est

83 1616 292 1670 stianae
331 1615 598 1669 ecclesiae
635 1615 757 1681 lex,
809 1615 855 1666 si
892 1613 961 1667 ad
999 1613 1119 1683 ejus
1158 1611 1562 1666 oeconomicam
1621 1608 2050 1664 constitutionem
2085 1624 2174 1659 re·
2216 1577 2465 1624 maequans.

84 1708 375 1780 spexeris?
428 1708 550 1762 Non
587 1709 718 1776 alia,
773 1723 931 1776 quam
972 1723 1078 1775 qua
1120 1707 1344 1760 formam
1383 1705 1660 1775 praeferat
1713 1702 1989 1757 societatis
2026 1702 2176 1754 inae-

85 1804 259 1872 qualis
288 1799 312 1834 ²
364 1819 502 1871 quae
559 1801 760 1856 nullum
814 1817 932 1855 cum
988 1801 1319 1854 democratia
1375 1800 1751 1854 commercium
1804 1797 2019 1851 habeat.
2094 1794 2177 1849 Eo

85 1912 220 1966 ergo
258 1912 482 1950 romana
515 1896 673 1949 etiam
710 1896 888 1949 unitas
926 1895 1198 1965 pertineat
1234 1909 1461 1948 necesse
1500 1899 1597 1946 est.
1673 1892 1838 1946 Immo
1864 1906 2000 1944 vero
2026 1891 2177 1943 inae-

86 1990 318 2059 qualitas
355 1990 448 2043 illa
486 1988 752 2043 ecclesiae
791 1989 881 2041 vel
918 1989 1040 2058 ipso
1079 2003 1337 2042 romanae
1373 1988 1639 2042 ecclesiae
1665 2002 2029 2055 romanaeque
2059 1985 2177 2039 uni-

88 2085 216 2138 tatis
253 2083 408 2137 titulo
448 2083 781 2152 potissimum
833 2082 1114 2137 indicatur.
1189 2082 1272 2137 Eo
1327 2084 1468 2136 enim
1522 2080 1886 2149 significatur,
1939 2080 2178 2133 voluisse

90 2176 388 2245 Christum,
426 2183 486 2229 ut
524 2176 792 2230 ecclesiae
830 2192 962 2229 suae
999 2177 1241 2245 regimen
1282 2177 1351 2229 ad
1389 2193 1548 2230 unum
1579 2165 1991 2245 supremumque
2018 2179 2182 2243 caput

89 2276 456 2338 revocaretur,
494 2271 658 2338 idque
697 2270 844 2324 aliud
881 2286 988 2324 non
1027 2277 1172 2323 esset
1199 2286 1232 2324 a
1257 2269 1421 2323 Petro
1448 2271 1667 2338 suisque
1704 2269 1760 2321 in
1784 2284 2008 2322 romana
2046 2266 2180 2320 sede

90 2364 512 2422 successoribus.
586 2363 877 2417 Praeclare
929 2361 1177 2416 Gelasius
1207 2359 1230 2396 ³
1278 2362 1348 2415 de
1382 2361 1686 2417 Salvatoris
1734 2363 1907 2416 nostri
1966 2361 2038 2415 ad
2075 2360 2180 2414 Pe·
2198 2375 2395 2413 Gelasius
2422 2377 2466 2412 P.

91 2463 230 2511 trum
269 2457 452 2511 verbis
487 2453 511 2486 ⁴
560 2457 634 2510 ita
673 2462 1060 2510 commentatus
1098 2462 1211 2509 est:
1265 2455 1478 2525 „Quare
1508 2457 1673 2524 igitur
1712 2455 1781 2510 ad
1817 2456 2034 2509 Petrum
2074 2462 2182 2508 tam

90 2552 350 2618 frequens
387 2549 602 2604 Domini
639 2565 817 2603 sermo
858 2550 1150 2618 dirigitur?
1198 2548 1337 2602 Num
1378 2550 1628 2617 quidnam
1677 2550 1865 2617 reliqui
1903 2550 2093 2602 sancti
2130 2554 2184 2601 et

94 2647 242 2701 beati
277 2644 534 2714 Apostoli
571 2660 678 2698 non
715 2650 872 2698 erant
905 2644 1058 2697 simili
1097 2645 1296 2698 virtute
1334 2643 1632 2698 succincti?
1682 2643 1809 2707 Quis
1841 2643 1947 2697 hoc
1985 2642 2184 2696 audeat

94 2738 414 2793 affirmare?
468 2736 580 2791 Sed
634 2744 691 2791 ut
730 2738 908 2808 capite
948 2738 1236 2791 constituto
1275 2737 1579 2792 schismatis
1630 2738 1912 2791 tolleretur
1966 2737 2182 2790 occasio

94 2838 150 2885 et
200 2847 307 2885 una
359 2836 748 2885 monstraretur
806 2845 1073 2900 compago
1125 2832 1370 2901 corporis
1419 2831 1645 2899 Christi,
1697 2834 1843 2899 'quae
1903 2830 1973 2883 ad
2024 2847 2185 2883 unum

95 2931 257 2993 caput
293 2923 683 2992 gloriosissima
724 2923 1027 2978 dilectionis
1068 2921 1384 2993 (oppositae
1410 2923 1716 2994 schismati)
1753 2925 2015 2979 societate
2055 2939 2185 2978 con-

216 3175 233 3202 ¹
263 3172 346 3231 Ep.
376 3172 468 3220 XL.
501 3173 561 3219 al.
594 3173 750 3219 XLIII.

217 3243 237 3274 ²
265 3245 335 3290 Eo
385 3242 544 3290 differt
589 3245 649 3291 ab
708 3245 897 3304 aequali
941 3245 1202 3304 inaequalis
1241 3245 1475 3303 societas,
1528 3246 1652 3304 quod
1690 3246 1738 3291 in
1784 3246 1870 3292 illa
1914 3235 2189 3304 possidean-

100 3308 193 3364 turx
220 3317 280 3362 ab
342 3317 553 3363 omnibus
601 3317 762 3362 eadem
810 3318 943 3375 iura,
1004 3318 1120 3363 licet
1169 3318 1292 3363 idem
1340 3332 1433 3364 non
1484 3318 1548 3363 sit
1596 3319 1722 3378 apud
1775 3332 1935 3364 omnes
1988 3320 2189 3365 omnium

99 3389 267 3434 iurium
306 3389 596 3448 exercitium3
634 3394 801 3436 contra
840 3402 959 3451 vero
998 3389 1046 3435 in
1092 3391 1323 3436 societate
1362 3391 1599 3450 inaequali
1638 3405 1730 3437 non
1770 3392 1911 3438 modo
1954 3392 2189 3437 diversum

103 3461 228 3519 apud
266 3460 480 3507 diversos
521 3467 596 3508 est
634 3462 904 3508 exercitium
951 3462 1145 3521 iurium,
1190 3477 1354 3509 verum
1398 3464 1503 3522 ipsa
1542 3478 1726 3523 quoque
1767 3465 1874 3510 iura
1914 3465 2037 3524 apud
2067 3465 2190 3511 alios

103 3533 201 3578 alia
230 3537 338 3579 sunt
367 3537 506 3592 atque
536 3534 738 3579 diversa.
799 3535 944 3593 Atqui
972 3549 1068 3580 non
1099 3535 1260 3581 eadem
1300 3550 1405 3581 esse
1435 3538 1483 3582 in
1513 3538 1716 3583 ecclesia
1755 3538 1841 3583 Dei
1878 3538 2190 3584 membrorum

104 3607 305 3652 omnium
332 3605 437 3651 iura
465 3605 672 3664 probant
703 3606 857 3652 omnia
894 3603 1323 3666 quibus-probatur
1365 3614 1461 3655 tum
1491 3614 1734 3668 pastorum
1776 3615 1916 3669 atque
1947 3610 2192 3656 doctorum

102 3676 360 3736 institutio,
392 3682 488 3723 tum
519 3678 799 3723 clericorum
830 3691 860 3723 a
894 3679 1028 3724 laicis
1059 3680 1326 3737 distinctio,
1373 3685 1468 3727 tum
1504 3695 1643 3728 sacra
1673 3683 1798 3727 inter
1829 3683 2029 3727 clericos
2060 3682 2191 3739 ipsos

104 3751 392 3808 hierarchia,
439 3755 536 3796 tum
566 3752 770 3810 probant
800 3753 1032 3798 solemnes
1063 3753 1306 3812 imagines,
1338 3754 1662 3802 similitudines
1708 3767 1765 3800 ac
1811 3753 2190 3813 comparationes

106 3822 332 3940 ecclisiae
363 3836 464 3869 cum
494 3823 693 3881 familia,
724 3837 875 3884 regno
907 3826 1197 3883 humanoque
1228 3838 1445 3884 corpore.

223 3967 245 3998 *
274 3896 615 4026 Assudflxioatth.
645 3968 765 4017 XVI.
798 3970 868 4015 18.
898 3969 1006 4016 Luc.
1036 3969 1178 4019 XXII.
1202 3971 1258 4016 31
1290 3983 1360 4029 sq.
1389 3970 1497 4018 Joh.
1519 3971 1641 4019 XXI.
1674 3973 1746 4016 15.
