<?xml version="1.0" encoding="UTF-8"?>
<!DOCTYPE html PUBLIC "-//W3C//DTD XHTML 1.0 Transitional//EN"
    "http://www.w3.org/TR/xhtml1/DTD/xhtml1-transitional.dtd">
<html xmlns="http://www.w3.org/1999/xhtml" xml:lang="en" lang="en">
 <head>
  <title>
</title>
<meta http-equiv="Content-Type" content="text/html;charset=utf-8" />
  <meta name='ocr-system' content='tesseract 3.04.00' />
  <meta name='ocr-capabilities' content='ocr_page ocr_carea ocr_par ocr_line ocrx_word'/>
</head>
<body>
  <div class='ocr_page' id='page_1' title='image "a607958700schruoft_0543.png"; bbox 0 0 2716 4446; ppageno 0'>
   <div class='ocr_carea' id='block_1_1' title="bbox 156 265 2251 632">
    <p class='ocr_par' dir='ltr' id='par_1_1' title="bbox 156 265 2251 632">
     <span class='ocr_line' id='line_1_1' title="bbox 156 265 2243 349; baseline -0.007 -16"><span class='ocrx_word' id='word_1_1' title='bbox 156 280 451 337; x_wconf 69' lang='lat' dir='ltr'>,stulatione</span> <span class='ocrx_word' id='word_1_2' title='bbox 490 277 891 349; x_wconf 90' lang='lat' dir='ltr'>persensimus,</span> <span class='ocrx_word' id='word_1_3' title='bbox 949 276 1124 346; x_wconf 89' lang='lat' dir='ltr'>magis</span> <span class='ocrx_word' id='word_1_4' title='bbox 1163 275 1242 328; x_wconf 89' lang='lat' dir='ltr'>eis</span> <span class='ocrx_word' id='word_1_5' title='bbox 1299 273 1574 326; x_wconf 77' lang='lat' dir='ltr'>accusatio</span> <span class='ocrx_word' id='word_1_6' title='bbox 1633 269 1938 324; x_wconf 89' lang='lat' dir='ltr'>videretur:</span> <span class='ocrx_word' id='word_1_7' title='bbox 1999 265 2090 321; x_wconf 86' lang='lat' dir='ltr'>vel</span> <span class='ocrx_word' id='word_1_8' title='bbox 2145 284 2243 337; x_wconf 95' lang='lat' dir='ltr'>pro</span> 
     </span>
     <span class='ocr_line' id='line_1_2' title="bbox 164 359 2247 445; baseline -0.009 -14"><span class='ocrx_word' id='word_1_9' title='bbox 164 395 351 431; x_wconf 90' lang='lat' dir='ltr'>eorum</span> <span class='ocrx_word' id='word_1_10' title='bbox 408 390 598 445; x_wconf 81' lang='lat' dir='ltr'>prece,</span> <span class='ocrx_word' id='word_1_11' title='bbox 662 369 752 424; x_wconf 85' lang='lat' dir='ltr'>vel</span> <span class='ocrx_word' id='word_1_12' title='bbox 809 373 906 440; x_wconf 92' lang='lat' dir='ltr'>pro</span> <span class='ocrx_word' id='word_1_13' title='bbox 966 369 1217 440; x_wconf 87' lang='lat' dir='ltr'>obsequii</span> <span class='ocrx_word' id='word_1_14' title='bbox 1274 367 1559 433; x_wconf 79' lang='lat' dir='ltr'>occasione</span> <span class='ocrx_word' id='word_1_15' title='bbox 1618 363 1882 421; x_wconf 77' lang='lat' dir='ltr'>reddendi</span> <span class='ocrx_word' id='word_1_16' title='bbox 1920 359 2247 434; x_wconf 89' lang='lat' dir='ltr'>apostolatui</span> 
     </span>
     <span class='ocr_line' id='line_1_3' title="bbox 163 454 2248 539; baseline -0.009 -15"><span class='ocrx_word' id='word_1_17' title='bbox 163 478 360 536; x_wconf 85' lang='lat' dir='ltr'>vestrO,</span> <span class='ocrx_word' id='word_1_18' title='bbox 401 487 500 539; x_wconf 91' lang='lat' dir='ltr'>per</span> <span class='ocrx_word' id='word_1_19' title='bbox 536 466 813 520; x_wconf 88' lang='lat' dir='ltr'>Justinum</span> <span class='ocrx_word' id='word_1_20' title='bbox 853 465 1154 535; x_wconf 24' lang='lat' dir='ltr'>diaconum·</span> <span class='ocrx_word' id='word_1_21' title='bbox 1179 482 1360 516; x_wconf 90' lang='lat' dir='ltr'>meum</span> <span class='ocrx_word' id='word_1_22' title='bbox 1399 461 1704 533; x_wconf 83' lang='lat' dir='ltr'>praesumsi</span> <span class='ocrx_word' id='word_1_23' title='bbox 1742 458 1926 530; x_wconf 18' lang='lat' dir='ltr'>api-ces</span> <span class='ocrx_word' id='word_1_24' title='bbox 1963 454 2248 527; x_wconf 84' lang='lat' dir='ltr'>parvitatis</span> 
     </span>
     <span class='ocr_line' id='line_1_4' title="bbox 163 545 2251 632; baseline -0.007 -16"><span class='ocrx_word' id='word_1_25' title='bbox 163 581 316 617; x_wconf 89' lang='lat' dir='ltr'>meae</span> <span class='ocrx_word' id='word_1_26' title='bbox 354 545 625 632; x_wconf 82' lang='lat' dir='ltr'>ingerere,</span> <span class='ocrx_word' id='word_1_27' title='bbox 667 557 862 630; x_wconf 90' lang='lat' dir='ltr'>quibus</span> <span class='ocrx_word' id='word_1_28' title='bbox 901 547 1276 628; x_wconf 84' lang='lat' dir='ltr'>principaliter</span> <span class='ocrx_word' id='word_1_29' title='bbox 1301 557 1605 610; x_wconf 87' lang='lat' dir='ltr'>orationum</span> <span class='ocrx_word' id='word_1_30' title='bbox 1632 561 1935 608; x_wconf 88' lang='lat' dir='ltr'>vestrarum</span> <span class='ocrx_word' id='word_1_31' title='bbox 1973 550 2251 603; x_wconf 89' lang='lat' dir='ltr'>munimen</span> 
     </span>
    </p>
   </div>
   <div class='ocr_carea' id='block_1_2' title="bbox 164 643 2250 818">
    <p class='ocr_par' dir='ltr' id='par_1_2' title="bbox 164 643 2250 818">
     <span class='ocr_line' id='line_1_5' title="bbox 164 643 2250 728; baseline -0.007 -18"><span class='ocrx_word' id='word_1_32' title='bbox 164 666 484 728; x_wconf 80' lang='lat' dir='ltr'>exposcens,</span> <span class='ocrx_word' id='word_1_33' title='bbox 526 671 728 725; x_wconf 84' lang='lat' dir='ltr'>quaeso</span> <span class='ocrx_word' id='word_1_34' title='bbox 769 660 829 705; x_wconf 90' lang='lat' dir='ltr'>ut</span> <span class='ocrx_word' id='word_1_35' title='bbox 867 647 1228 719; x_wconf 76' lang='lat' dir='ltr'>consulentes,</span> <span class='ocrx_word' id='word_1_36' title='bbox 1269 649 1401 721; x_wconf 87' lang='lat' dir='ltr'>quid</span> <span class='ocrx_word' id='word_1_37' title='bbox 1439 649 1506 702; x_wconf 93' lang='lat' dir='ltr'>de</span> <span class='ocrx_word' id='word_1_38' title='bbox 1546 647 1777 720; x_wconf 88' lang='lat' dir='ltr'>praefati</span> <span class='ocrx_word' id='word_1_39' title='bbox 1814 645 2051 700; x_wconf 87' lang='lat' dir='ltr'>auctoris</span> <span class='ocrx_word' id='word_1_40' title='bbox 2091 643 2250 697; x_wconf 87' lang='lat' dir='ltr'>dictis</span> 
     </span>
     <span class='ocr_line' id='line_1_6' title="bbox 165 738 2250 818; baseline -0.007 -13"><span class='ocrx_word' id='word_1_41' title='bbox 165 751 432 818; x_wconf 89' lang='lat' dir='ltr'>videatur,</span> <span class='ocrx_word' id='word_1_42' title='bbox 473 748 794 814; x_wconf 86' lang='lat' dir='ltr'>auctoritate</span> <span class='ocrx_word' id='word_1_43' title='bbox 835 738 1169 817; x_wconf 88' lang='lat' dir='ltr'>apostolicae</span> <span class='ocrx_word' id='word_1_44' title='bbox 1208 743 1581 814; x_wconf 78' lang='lat' dir='ltr'>responsionis</span> <span class='ocrx_word' id='word_1_45' title='bbox 1611 748 1957 813; x_wconf 85' lang='lat' dir='ltr'>agnoscant:</span> <span class='ocrx_word' id='word_1_46' title='bbox 2009 739 2250 792; x_wconf 86' lang='lat' dir='ltr'>maxi-me</span> 
     </span>
    </p>
   </div>
   <div class='ocr_carea' id='block_1_3' title="bbox 165 823 2312 917">
    <p class='ocr_par' dir='ltr' id='par_1_3' title="bbox 165 823 2312 917">
     <span class='ocr_line' id='line_1_7' title="bbox 165 823 2312 917; baseline -0.007 -19"><span class='ocrx_word' id='word_1_47' title='bbox 165 844 310 917; x_wconf 93' lang='lat' dir='ltr'>quod</span> <span class='ocrx_word' id='word_1_48' title='bbox 346 843 440 896; x_wconf 86' lang='lat' dir='ltr'>filii</span> <span class='ocrx_word' id='word_1_49' title='bbox 483 835 698 914; x_wconf 88' lang='lat' dir='ltr'>quoque</span> <span class='ocrx_word' id='word_1_50' title='bbox 733 839 981 912; x_wconf 74' lang='lat' dir='ltr'>magistri</span> <span class='ocrx_word' id='word_1_51' title='bbox 1018 838 1268 900; x_wconf 85' lang='lat' dir='ltr'>militum,</span> <span class='ocrx_word' id='word_1_52' title='bbox 1289 823 1598 909; x_wconf 80' lang='lat' dir='ltr'>Vitalianus</span> <span class='ocrx_word' id='word_1_53' title='bbox 1638 843 1692 889; x_wconf 91' lang='lat' dir='ltr'>et</span> <span class='ocrx_word' id='word_1_54' title='bbox 1714 835 2058 892; x_wconf 76' lang='lat' dir='ltr'>Justinian&#39;us</span> <span class='ocrx_word' id='word_1_55' title='bbox 2097 851 2251 905; x_wconf 90' lang='lat' dir='ltr'>prae-</span> <span class='ocrx_word' id='word_1_56' title='bbox 2309 874 2312 879; x_wconf 89' lang='lat'>.</span> 
     </span>
    </p>
   </div>
   <div class='ocr_carea' id='block_1_4' title="bbox 2261 264 2612 342">
    <p class='ocr_par' dir='ltr' id='par_1_4' title="bbox 2261 264 2612 342">
     <span class='ocr_line' id='line_1_8' title="bbox 2263 264 2612 298; baseline -0.003 -1"><span class='ocrx_word' id='word_1_57' title='bbox 2263 266 2404 298; x_wconf 78' lang='lat' dir='ltr'>Petitur</span> <span class='ocrx_word' id='word_1_58' title='bbox 2439 264 2612 297; x_wconf 78' lang='lat' dir='ltr'>iudicium</span> 
     </span>
     <span class='ocr_line' id='line_1_9' title="bbox 2261 308 2612 342; baseline -0.006 0"><span class='ocrx_word' id='word_1_59' title='bbox 2261 309 2305 342; x_wconf 74' lang='lat' dir='ltr'>de</span> <span class='ocrx_word' id='word_1_60' title='bbox 2330 309 2437 340; x_wconf 71' lang='lat' dir='ltr'>dictis</span> <span class='ocrx_word' id='word_1_61' title='bbox 2465 310 2496 341; x_wconf 76' lang='lat' dir='ltr'>et</span> <span class='ocrx_word' id='word_1_62' title='bbox 2523 308 2612 340; x_wconf 82' lang='lat' dir='ltr'>libro</span> 
     </span>
    </p>
   </div>
   <div class='ocr_carea' id='block_1_5' title="bbox 2326 352 2542 391">
    <p class='ocr_par' dir='ltr' id='par_1_5' title="bbox 2326 352 2542 391">
     <span class='ocr_line' id='line_1_10' title="bbox 2326 352 2542 391; baseline 0.005 -7"><span class='ocrx_word' id='word_1_63' title='bbox 2326 352 2456 385; x_wconf 75' lang='lat' dir='ltr'>Fausti</span> <span class='ocrx_word' id='word_1_64' title='bbox 2486 361 2542 391; x_wconf 76' lang='lat' dir='ltr'>ep.</span> 
     </span>
    </p>
   </div>
   <div class='ocr_carea' id='block_1_6' title="bbox 166 923 2327 1012">
    <p class='ocr_par' dir='ltr' id='par_1_6' title="bbox 166 923 2327 1012">
     <span class='ocr_line' id='line_1_11' title="bbox 166 923 2327 1012; baseline -0.006 -19"><span class='ocrx_word' id='word_1_65' title='bbox 166 941 341 1012; x_wconf 85' lang='lat' dir='ltr'>cipue,</span> <span class='ocrx_word' id='word_1_66' title='bbox 383 957 547 1009; x_wconf 84' lang='lat' dir='ltr'>super</span> <span class='ocrx_word' id='word_1_67' title='bbox 583 937 686 989; x_wconf 91' lang='lat' dir='ltr'>hac</span> <span class='ocrx_word' id='word_1_68' title='bbox 723 954 781 989; x_wconf 90' lang='lat' dir='ltr'>re</span> <span class='ocrx_word' id='word_1_69' title='bbox 820 934 1084 1004; x_wconf 84' lang='lat' dir='ltr'>rescripto</span> <span class='ocrx_word' id='word_1_70' title='bbox 1122 927 1476 987; x_wconf 84' lang='lat' dir='ltr'>beatitudinis</span> <span class='ocrx_word' id='word_1_71' title='bbox 1533 938 1748 986; x_wconf 87' lang='lat' dir='ltr'>vestrae</span> <span class='ocrx_word' id='word_1_72' title='bbox 1802 929 2052 983; x_wconf 89' lang='lat' dir='ltr'>similiter</span> <span class='ocrx_word' id='word_1_73' title='bbox 2088 930 2252 981; x_wconf 83' lang='lat' dir='ltr'>infor·</span> <span class='ocrx_word' id='word_1_74' title='bbox 2313 923 2327 967; x_wconf 63' lang='grc' dir='ltr'>ἒ</span> 
     </span>
    </p>
   </div>
   <div class='ocr_carea' id='block_1_7' title="bbox 148 1022 2255 1292">
    <p class='ocr_par' dir='ltr' id='par_1_7' title="bbox 148 1022 2255 1292">
     <span class='ocr_line' id='line_1_12' title="bbox 166 1022 2251 1100; baseline -0.006 -12"><span class='ocrx_word' id='word_1_75' title='bbox 166 1032 304 1088; x_wconf 91' lang='lat' dir='ltr'>mari</span> <span class='ocrx_word' id='word_1_76' title='bbox 341 1032 699 1100; x_wconf 88' lang='lat' dir='ltr'>desiderant.„</span> <span class='ocrx_word' id='word_1_77' title='bbox 778 1030 1029 1082; x_wconf 80' lang='lat' dir='ltr'>Iamvero</span> <span class='ocrx_word' id='word_1_78' title='bbox 1062 1028 1231 1080; x_wconf 65' lang='lat' dir='ltr'>‘sicuti</span> <span class='ocrx_word' id='word_1_79' title='bbox 1270 1045 1340 1078; x_wconf 81' lang='lat' dir='ltr'>ex</span> <span class='ocrx_word' id='word_1_80' title='bbox 1367 1026 1449 1078; x_wconf 87' lang='lat' dir='ltr'>his</span> <span class='ocrx_word' id='word_1_81' title='bbox 1475 1026 1682 1097; x_wconf 91' lang='lat' dir='ltr'>liquido</span> <span class='ocrx_word' id='word_1_82' title='bbox 1709 1032 1873 1096; x_wconf 88' lang='lat' dir='ltr'>patet,</span> <span class='ocrx_word' id='word_1_83' title='bbox 1916 1022 2251 1095; x_wconf 88' lang='lat' dir='ltr'>singulorum</span> 
     </span>
     <span class='ocr_line' id='line_1_13' title="bbox 169 1119 2252 1206; baseline -0.004 -25"><span class='ocrx_word' id='word_1_84' title='bbox 169 1128 550 1206; x_wconf 87' lang='lat' dir='ltr'>episcoporum</span> <span class='ocrx_word' id='word_1_85' title='bbox 591 1126 983 1197; x_wconf 90' lang='lat' dir='ltr'>doctorumque</span> <span class='ocrx_word' id='word_1_86' title='bbox 1023 1124 1361 1192; x_wconf 91' lang='lat' dir='ltr'>auctoritate,</span> <span class='ocrx_word' id='word_1_87' title='bbox 1402 1124 1459 1176; x_wconf 92' lang='lat' dir='ltr'>in</span> <span class='ocrx_word' id='word_1_88' title='bbox 1496 1141 1555 1176; x_wconf 91' lang='lat' dir='ltr'>re</span> <span class='ocrx_word' id='word_1_89' title='bbox 1593 1121 1760 1175; x_wconf 91' lang='lat' dir='ltr'>dubia</span> <span class='ocrx_word' id='word_1_90' title='bbox 1786 1121 1931 1190; x_wconf 91' lang='lat' dir='ltr'>fidei,</span> <span class='ocrx_word' id='word_1_91' title='bbox 1971 1119 2252 1191; x_wconf 88' lang='lat' dir='ltr'>haudqua-</span> 
     </span>
     <span class='ocr_line' id='line_1_14' title="bbox 148 1214 2255 1292; baseline -0.004 -18"><span class='ocrx_word' id='word_1_92' title='bbox 148 1221 332 1292; x_wconf 84' lang='lat' dir='ltr'>quam</span> <span class='ocrx_word' id='word_1_93' title='bbox 369 1220 734 1274; x_wconf 85' lang='lat' dir='ltr'>indubitatam</span> <span class='ocrx_word' id='word_1_94' title='bbox 774 1217 1113 1290; x_wconf 88' lang='lat' dir='ltr'>suppeditari</span> <span class='ocrx_word' id='word_1_95' title='bbox 1152 1216 1561 1287; x_wconf 77' lang='lat' dir='ltr'>certitudinem3</span> <span class='ocrx_word' id='word_1_96' title='bbox 1601 1220 1677 1270; x_wconf 86' lang='lat' dir='ltr'>ita</span> <span class='ocrx_word' id='word_1_97' title='bbox 1702 1223 1888 1288; x_wconf 89' lang='lat' dir='ltr'>aperte</span> <span class='ocrx_word' id='word_1_98' title='bbox 1919 1214 2255 1288; x_wconf 87' lang='lat' dir='ltr'>significatur</span> 
     </span>
    </p>
   </div>
   <div class='ocr_carea' id='block_1_8' title="bbox 78 1308 2254 1387">
    <p class='ocr_par' dir='ltr' id='par_1_8' title="bbox 78 1308 2254 1387">
     <span class='ocr_line' id='line_1_15' title="bbox 78 1308 2254 1387; baseline -0.003 -18"><span class='ocrx_word' id='word_1_99' title='bbox 78 1371 94 1384; x_wconf 82' lang='lat'>..</span> <span class='ocrx_word' id='word_1_100' title='bbox 169 1308 605 1387; x_wconf 83' lang='lat' dir='ltr'>conspirantibus</span> <span class='ocrx_word' id='word_1_101' title='bbox 641 1333 751 1366; x_wconf 84' lang='lat' dir='ltr'>una</span> <span class='ocrx_word' id='word_1_102' title='bbox 788 1331 911 1366; x_wconf 90' lang='lat' dir='ltr'>cum</span> <span class='ocrx_word' id='word_1_103' title='bbox 950 1310 1380 1365; x_wconf 90' lang='lat' dir='ltr'>occidentalibus</span> <span class='ocrx_word' id='word_1_104' title='bbox 1419 1312 1580 1364; x_wconf 90' lang='lat' dir='ltr'>etiam</span> <span class='ocrx_word' id='word_1_105' title='bbox 1621 1308 1993 1379; x_wconf 87' lang='lat' dir='ltr'>orientalibus,</span> <span class='ocrx_word' id='word_1_106' title='bbox 2035 1309 2254 1362; x_wconf 88' lang='lat' dir='ltr'>certitu-</span> 
     </span>
    </p>
   </div>
   <div class='ocr_carea' id='block_1_9' title="bbox 97 1405 2257 3100">
    <p class='ocr_par' dir='ltr' id='par_1_9' title="bbox 97 1405 2257 3100">
     <span class='ocr_line' id='line_1_16' title="bbox 169 1405 2254 1479; baseline -0.003 -16"><span class='ocrx_word' id='word_1_107' title='bbox 169 1410 349 1463; x_wconf 80' lang='lat' dir='ltr'>dinem</span> <span class='ocrx_word' id='word_1_108' title='bbox 388 1407 538 1462; x_wconf 90' lang='lat' dir='ltr'>illam</span> <span class='ocrx_word' id='word_1_109' title='bbox 578 1428 611 1461; x_wconf 91' lang='lat' dir='ltr'>a</span> <span class='ocrx_word' id='word_1_110' title='bbox 646 1427 869 1462; x_wconf 91' lang='lat' dir='ltr'>romano</span> <span class='ocrx_word' id='word_1_111' title='bbox 910 1408 1166 1479; x_wconf 91' lang='lat' dir='ltr'>episcopo</span> <span class='ocrx_word' id='word_1_112' title='bbox 1207 1406 1340 1475; x_wconf 85' lang='lat' dir='ltr'>dari,</span> <span class='ocrx_word' id='word_1_113' title='bbox 1382 1414 1436 1459; x_wconf 88' lang='lat' dir='ltr'>et</span> <span class='ocrx_word' id='word_1_114' title='bbox 1470 1405 1690 1478; x_wconf 90' lang='lat' dir='ltr'>quidem</span> <span class='ocrx_word' id='word_1_115' title='bbox 1718 1406 1769 1458; x_wconf 91' lang='lat' dir='ltr'>ei</span> <span class='ocrx_word' id='word_1_116' title='bbox 1794 1405 2084 1475; x_wconf 87' lang='lat' dir='ltr'>geminam,</span> <span class='ocrx_word' id='word_1_117' title='bbox 2114 1422 2254 1475; x_wconf 91' lang='lat' dir='ltr'>quae</span> 
     </span>
     <span class='ocr_line' id='line_1_17' title="bbox 169 1494 2253 1572; baseline -0.003 -15"><span class='ocrx_word' id='word_1_118' title='bbox 169 1503 240 1557; x_wconf 88' lang='lat' dir='ltr'>ad</span> <span class='ocrx_word' id='word_1_119' title='bbox 276 1494 686 1557; x_wconf 84' lang='lat' dir='ltr'>fundamentum</span> <span class='ocrx_word' id='word_1_120' title='bbox 724 1502 851 1555; x_wconf 90' lang='lat' dir='ltr'>fidei</span> <span class='ocrx_word' id='word_1_121' title='bbox 890 1521 955 1555; x_wconf 91' lang='lat' dir='ltr'>ac</span> <span class='ocrx_word' id='word_1_122' title='bbox 992 1501 1272 1572; x_wconf 86' lang='lat' dir='ltr'>religionis</span> <span class='ocrx_word' id='word_1_123' title='bbox 1311 1501 1580 1571; x_wconf 86' lang='lat' dir='ltr'>integram</span> <span class='ocrx_word' id='word_1_124' title='bbox 1605 1499 1914 1552; x_wconf 87' lang='lat' dir='ltr'>firmitatem</span> <span class='ocrx_word' id='word_1_125' title='bbox 1941 1499 2253 1570; x_wconf 89' lang='lat' dir='ltr'>requiritur,</span> 
     </span>
     <span class='ocr_line' id='line_1_18' title="bbox 170 1594 1909 1669; baseline -0.002 -18"><span class='ocrx_word' id='word_1_126' title='bbox 170 1607 225 1652; x_wconf 90' lang='lat' dir='ltr'>et</span> <span class='ocrx_word' id='word_1_127' title='bbox 261 1596 608 1669; x_wconf 85' lang='lat' dir='ltr'>generalibus</span> <span class='ocrx_word' id='word_1_128' title='bbox 648 1597 1004 1650; x_wconf 89' lang='lat' dir='ltr'>conciliorum</span> <span class='ocrx_word' id='word_1_129' title='bbox 1041 1596 1258 1650; x_wconf 90' lang='lat' dir='ltr'>iudiciis</span> <span class='ocrx_word' id='word_1_130' title='bbox 1297 1595 1617 1667; x_wconf 88' lang='lat' dir='ltr'>praefertur.</span> <span class='ocrx_word' id='word_1_131' title='bbox 1678 1594 1909 1648; x_wconf 87' lang='lat' dir='ltr'>Accedit</span> 
     </span>
     <span class='ocr_line' id='line_1_19' title="bbox 345 1686 2255 1763; baseline -0.002 -18"><span class='ocrx_word' id='word_1_132' title='bbox 345 1692 394 1747; x_wconf 86' lang='lat'>3.</span> <span class='ocrx_word' id='word_1_133' title='bbox 435 1691 703 1745; x_wconf 88' lang='lat' dir='ltr'>contineri</span> <span class='ocrx_word' id='word_1_134' title='bbox 740 1691 885 1745; x_wconf 88' lang='lat' dir='ltr'>idem</span> <span class='ocrx_word' id='word_1_135' title='bbox 924 1690 1358 1763; x_wconf 89' lang='lat' dir='ltr'>aequipollenter</span> <span class='ocrx_word' id='word_1_136' title='bbox 1396 1692 1464 1744; x_wconf 90' lang='lat' dir='ltr'>iis</span> <span class='ocrx_word' id='word_1_137' title='bbox 1503 1689 1773 1744; x_wconf 90' lang='lat' dir='ltr'>Maiorum</span> <span class='ocrx_word' id='word_1_138' title='bbox 1813 1690 2014 1758; x_wconf 86' lang='lat' dir='ltr'>effatis,</span> <span class='ocrx_word' id='word_1_139' title='bbox 2055 1686 2255 1761; x_wconf 91' lang='lat' dir='ltr'>quibus</span> 
     </span>
     <span class='ocr_line' id='line_1_20' title="bbox 170 1783 2254 1857; baseline -0.001 -18"><span class='ocrx_word' id='word_1_140' title='bbox 170 1801 516 1840; x_wconf 88' lang='lat' dir='ltr'>romanorum</span> <span class='ocrx_word' id='word_1_141' title='bbox 554 1785 872 1857; x_wconf 84' lang='lat' dir='ltr'>pontificum</span> <span class='ocrx_word' id='word_1_142' title='bbox 917 1786 1243 1840; x_wconf 88' lang='lat' dir='ltr'>sententiam</span> <span class='ocrx_word' id='word_1_143' title='bbox 1281 1785 1409 1839; x_wconf 89' lang='lat' dir='ltr'>hinc</span> <span class='ocrx_word' id='word_1_144' title='bbox 1448 1786 1527 1838; x_wconf 91' lang='lat' dir='ltr'>uti</span> <span class='ocrx_word' id='word_1_145' title='bbox 1553 1783 1807 1851; x_wconf 71' lang='lat' dir='ltr'>&#39;formam</span> <span class='ocrx_word' id='word_1_146' title='bbox 1845 1783 2254 1855; x_wconf 89' lang='lat' dir='ltr'>praeformatio-</span> 
     </span>
     <span class='ocr_line' id='line_1_21' title="bbox 171 1877 2256 1953; baseline -0.001 -19"><span class='ocrx_word' id='word_1_147' title='bbox 171 1881 473 1953; x_wconf 72' lang='lat' dir='ltr'>nemque,¹-)</span> <span class='ocrx_word' id='word_1_148' title='bbox 538 1880 872 1934; x_wconf 84' lang='lat' dir='ltr'>orthodoxae</span> <span class='ocrx_word' id='word_1_149' title='bbox 930 1880 1308 1952; x_wconf 84' lang='lat' dir='ltr'>professionis,</span> <span class='ocrx_word' id='word_1_150' title='bbox 1367 1888 1421 1934; x_wconf 91' lang='lat' dir='ltr'>et</span> <span class='ocrx_word' id='word_1_151' title='bbox 1475 1880 1602 1934; x_wconf 90' lang='lat' dir='ltr'>inde</span> <span class='ocrx_word' id='word_1_152' title='bbox 1653 1880 1964 1934; x_wconf 88' lang='lat' dir='ltr'>necessario</span> <span class='ocrx_word' id='word_1_153' title='bbox 2005 1877 2256 1932; x_wconf 89' lang='lat' dir='ltr'>omnibus</span> 
     </span>
     <span class='ocr_line' id='line_1_22' title="bbox 175 1972 2255 2047; baseline -0.001 -18"><span class='ocrx_word' id='word_1_154' title='bbox 175 1975 506 2047; x_wconf 87' lang='lat' dir='ltr'>sequendam</span> <span class='ocrx_word' id='word_1_155' title='bbox 543 1976 924 2046; x_wconf 84' lang='lat' dir='ltr'>praestituunt.</span> <span class='ocrx_word' id='word_1_156' title='bbox 998 1975 1063 2028; x_wconf 89' lang='lat' dir='ltr'>Id</span> <span class='ocrx_word' id='word_1_157' title='bbox 1118 1977 1428 2047; x_wconf 86' lang='lat' dir='ltr'>praestituit</span> <span class='ocrx_word' id='word_1_158' title='bbox 1485 1973 1690 2028; x_wconf 91' lang='lat' dir='ltr'>celebri</span> <span class='ocrx_word' id='word_1_159' title='bbox 1729 1974 1889 2030; x_wconf 86' lang='lat' dir='ltr'>effato</span> <span class='ocrx_word' id='word_1_160' title='bbox 1927 1974 2186 2027; x_wconf 86' lang='lat' dir='ltr'>Irenaeus</span> <span class='ocrx_word' id='word_1_161' title='bbox 2209 1972 2255 2044; x_wconf 66' lang='grc' dir='ltr'>Ω)</span> 
     </span>
     <span class='ocr_line' id='line_1_23' title="bbox 175 2068 2255 2145; baseline 0 -23"><span class='ocrx_word' id='word_1_162' title='bbox 175 2069 438 2123; x_wconf 89' lang='lat' dir='ltr'>ecclesiae</span> <span class='ocrx_word' id='word_1_163' title='bbox 477 2089 733 2124; x_wconf 89' lang='lat' dir='ltr'>romanae</span> <span class='ocrx_word' id='word_1_164' title='bbox 771 2072 1019 2142; x_wconf 89' lang='lat' dir='ltr'>inprimis</span> <span class='ocrx_word' id='word_1_165' title='bbox 1059 2070 1318 2124; x_wconf 88' lang='lat' dir='ltr'>adserens</span> <span class='ocrx_word' id='word_1_166' title='bbox 1344 2082 1668 2142; x_wconf 63' lang='lat' dir='ltr'>‚supremam</span> <span class='ocrx_word' id='word_1_167' title='bbox 1705 2071 1762 2145; x_wconf 86' lang='lat' dir='ltr'>in</span> <span class='ocrx_word' id='word_1_168' title='bbox 1802 2068 2036 2124; x_wconf 88' lang='lat' dir='ltr'>ecclesia</span> <span class='ocrx_word' id='word_1_169' title='bbox 2073 2077 2255 2123; x_wconf 88' lang='lat' dir='ltr'>aucto-</span> 
     </span>
     <span class='ocr_line' id='line_1_24' title="bbox 98 2164 2257 2238; baseline 0 -21"><span class='ocrx_word' id='word_1_170' title='bbox 98 2191 101 2194; x_wconf 95' lang='lat'>·</span> <span class='ocrx_word' id='word_1_171' title='bbox 172 2166 389 2218; x_wconf 90' lang='lat' dir='ltr'>ritatem</span> <span class='ocrx_word' id='word_1_172' title='bbox 427 2172 887 2238; x_wconf 86' lang='lat' dir='ltr'>potestatemque,</span> <span class='ocrx_word' id='word_1_173' title='bbox 949 2174 1088 2220; x_wconf 67' lang='lat' dir='ltr'>tum⁴</span> <span class='ocrx_word' id='word_1_174' title='bbox 1120 2185 1251 2220; x_wconf 89' lang='lat' dir='ltr'>vero</span> <span class='ocrx_word' id='word_1_175' title='bbox 1306 2165 1704 2238; x_wconf 87' lang='lat' dir='ltr'>praedicationi</span> <span class='ocrx_word' id='word_1_176' title='bbox 1754 2164 1902 2219; x_wconf 91' lang='lat' dir='ltr'>illius</span> <span class='ocrx_word' id='word_1_177' title='bbox 1939 2180 2257 2235; x_wconf 88' lang='lat' dir='ltr'>germanam</span> 
     </span>
     <span class='ocr_line' id='line_1_25' title="bbox 173 2257 2255 2333; baseline 0.001 -23"><span class='ocrx_word' id='word_1_178' title='bbox 173 2257 242 2311; x_wconf 87' lang='lat' dir='ltr'>ab</span> <span class='ocrx_word' id='word_1_179' title='bbox 284 2259 564 2330; x_wconf 87' lang='lat' dir='ltr'>Apostolis</span> <span class='ocrx_word' id='word_1_180' title='bbox 605 2261 984 2332; x_wconf 88' lang='lat' dir='ltr'>antiquitatem</span> <span class='ocrx_word' id='word_1_181' title='bbox 1042 2270 1095 2315; x_wconf 90' lang='lat' dir='ltr'>et</span> <span class='ocrx_word' id='word_1_182' title='bbox 1150 2260 1518 2315; x_wconf 84' lang='lat' dir='ltr'>universalem</span> <span class='ocrx_word' id='word_1_183' title='bbox 1558 2261 1703 2333; x_wconf 90' lang='lat' dir='ltr'>apud</span> <span class='ocrx_word' id='word_1_184' title='bbox 1732 2279 1931 2324; x_wconf 55' lang='lat' dir='ltr'>‚omnes</span> <span class='ocrx_word' id='word_1_185' title='bbox 1972 2260 2255 2314; x_wconf 89' lang='lat' dir='ltr'>credentes</span> 
     </span>
     <span class='ocr_line' id='line_1_26' title="bbox 177 2354 2256 2427; baseline 0 -21"><span class='ocrx_word' id='word_1_186' title='bbox 177 2355 577 2409; x_wconf 83' lang='lat' dir='ltr'>necessitatem.</span> <span class='ocrx_word' id='word_1_187' title='bbox 657 2355 766 2408; x_wconf 84' lang='lat' dir='ltr'>Sed</span> <span class='ocrx_word' id='word_1_188' title='bbox 821 2354 924 2409; x_wconf 88' lang='lat' dir='ltr'>hoc</span> <span class='ocrx_word' id='word_1_189' title='bbox 963 2374 1065 2409; x_wconf 88' lang='lat' dir='ltr'>nec</span> <span class='ocrx_word' id='word_1_190' title='bbox 1105 2355 1254 2414; x_wconf 82' lang='lat' dir='ltr'>aliud</span> <span class='ocrx_word' id='word_1_191' title='bbox 1294 2374 1363 2408; x_wconf 86' lang='lat' dir='ltr'>ex</span> <span class='ocrx_word' id='word_1_192' title='bbox 1405 2372 1524 2409; x_wconf 88' lang='lat' dir='ltr'>sese</span> <span class='ocrx_word' id='word_1_193' title='bbox 1564 2355 1853 2427; x_wconf 90' lang='lat' dir='ltr'>complecti</span> <span class='ocrx_word' id='word_1_194' title='bbox 1892 2354 2256 2426; x_wconf 89' lang='lat' dir='ltr'>dogmaticam</span> 
     </span>
     <span class='ocr_line' id='line_1_27' title="bbox 172 2447 2257 2531; baseline 0.001 -30"><span class='ocrx_word' id='word_1_195' title='bbox 172 2447 300 2502; x_wconf 92' lang='lat' dir='ltr'>fidei</span> <span class='ocrx_word' id='word_1_196' title='bbox 353 2448 725 2531; x_wconf 85' lang='lat' dir='ltr'>definitionem</span> <span class='ocrx_word' id='word_1_197' title='bbox 784 2460 1122 2522; x_wconf 90' lang='lat' dir='ltr'>compertum</span> <span class='ocrx_word' id='word_1_198' title='bbox 1182 2458 1278 2503; x_wconf 88' lang='lat' dir='ltr'>est.</span> <span class='ocrx_word' id='word_1_199' title='bbox 1359 2450 1573 2517; x_wconf 74' lang='lat' dir='ltr'>Quibus</span> <span class='ocrx_word' id='word_1_200' title='bbox 1631 2447 1952 2521; x_wconf 85' lang='lat' dir='ltr'>inhaerebat</span> <span class='ocrx_word' id='word_1_201' title='bbox 1988 2450 2257 2523; x_wconf 89' lang='lat' dir='ltr'>Hierony-</span> 
     </span>
     <span class='ocr_line' id='line_1_28' title="bbox 172 2530 2257 2618; baseline 0.001 -22"><span class='ocrx_word' id='word_1_202' title='bbox 172 2533 292 2596; x_wconf 87' lang='lat' dir='ltr'>mus</span> <span class='ocrx_word' id='word_1_203' title='bbox 318 2543 362 2615; x_wconf 85' lang='lat'>³)</span> <span class='ocrx_word' id='word_1_204' title='bbox 404 2544 676 2598; x_wconf 87' lang='lat' dir='ltr'>scribens:</span> <span class='ocrx_word' id='word_1_205' title='bbox 708 2543 898 2615; x_wconf 87' lang='lat' dir='ltr'>„Pene</span> <span class='ocrx_word' id='word_1_206' title='bbox 936 2547 1211 2617; x_wconf 90' lang='lat' dir='ltr'>praeterii,</span> <span class='ocrx_word' id='word_1_207' title='bbox 1254 2530 1399 2618; x_wconf 87' lang='lat' dir='ltr'>quod</span> <span class='ocrx_word' id='word_1_208' title='bbox 1436 2546 1526 2601; x_wconf 86' lang='lat' dir='ltr'>vel</span> <span class='ocrx_word' id='word_1_209' title='bbox 1563 2547 1915 2617; x_wconf 88' lang='lat' dir='ltr'>praecipuum</span> <span class='ocrx_word' id='word_1_210' title='bbox 1947 2554 2042 2600; x_wconf 90' lang='lat' dir='ltr'>est.</span> <span class='ocrx_word' id='word_1_211' title='bbox 2109 2545 2257 2599; x_wconf 91' lang='lat' dir='ltr'>Dum</span> 
     </span>
     <span class='ocr_line' id='line_1_29' title="bbox 97 2625 2256 2712; baseline 0 -19"><span class='ocrx_word' id='word_1_212' title='bbox 97 2625 100 2629; x_wconf 10' lang='lat' dir='ltr'>A</span> <span class='ocrx_word' id='word_1_213' title='bbox 165 2654 322 2710; x_wconf 75' lang='lat' dir='ltr'>¹esses</span> <span class='ocrx_word' id='word_1_214' title='bbox 360 2638 603 2709; x_wconf 84' lang='lat' dir='ltr'>parvula,</span> <span class='ocrx_word' id='word_1_215' title='bbox 645 2646 698 2692; x_wconf 94' lang='lat' dir='ltr'>et</span> <span class='ocrx_word' id='word_1_216' title='bbox 738 2648 957 2693; x_wconf 87' lang='lat' dir='ltr'>sanctae</span> <span class='ocrx_word' id='word_1_217' title='bbox 985 2659 1049 2693; x_wconf 78' lang='lat' dir='ltr'>ac</span> <span class='ocrx_word' id='word_1_218' title='bbox 1075 2638 1266 2693; x_wconf 86' lang='lat' dir='ltr'>beatae</span> <span class='ocrx_word' id='word_1_219' title='bbox 1292 2641 1588 2693; x_wconf 89' lang='lat' dir='ltr'>memoriae</span> <span class='ocrx_word' id='word_1_220' title='bbox 1615 2640 1940 2694; x_wconf 88' lang='lat' dir='ltr'>Anastasius</span> <span class='ocrx_word' id='word_1_221' title='bbox 1969 2641 2256 2712; x_wconf 87' lang='lat' dir='ltr'>episcopus</span> 
     </span>
     <span class='ocr_line' id='line_1_30' title="bbox 172 2734 2256 2806; baseline 0.002 -22"><span class='ocrx_word' id='word_1_222' title='bbox 172 2750 451 2786; x_wconf 88' lang='lat' dir='ltr'>romanam</span> <span class='ocrx_word' id='word_1_223' title='bbox 504 2742 719 2804; x_wconf 85' lang='lat' dir='ltr'>regeret</span> <span class='ocrx_word' id='word_1_224' title='bbox 776 2734 1093 2804; x_wconf 89' lang='lat' dir='ltr'>ecclesiam,</span> <span class='ocrx_word' id='word_1_225' title='bbox 1152 2735 1219 2788; x_wconf 90' lang='lat' dir='ltr'>de</span> <span class='ocrx_word' id='word_1_226' title='bbox 1277 2737 1501 2789; x_wconf 87' lang='lat' dir='ltr'>orientis</span> <span class='ocrx_word' id='word_1_227' title='bbox 1557 2735 1804 2806; x_wconf 88' lang='lat' dir='ltr'>partibus</span> <span class='ocrx_word' id='word_1_228' title='bbox 1860 2735 2256 2789; x_wconf 85' lang='lat' dir='ltr'>haereticorum</span> 
     </span>
     <span class='ocr_line' id='line_1_31' title="bbox 174 2826 2256 2902; baseline 0.002 -23"><span class='ocrx_word' id='word_1_229' title='bbox 174 2845 338 2881; x_wconf 86' lang='lat' dir='ltr'>saeva</span> <span class='ocrx_word' id='word_1_230' title='bbox 377 2833 670 2899; x_wconf 79' lang='lat' dir='ltr'>tempestas</span> <span class='ocrx_word' id='word_1_231' title='bbox 713 2826 1115 2901; x_wconf 86' lang='lat' dir='ltr'>simplicitatem</span> <span class='ocrx_word' id='word_1_232' title='bbox 1172 2826 1329 2899; x_wconf 86' lang='lat' dir='ltr'>fidei,</span> <span class='ocrx_word' id='word_1_233' title='bbox 1390 2849 1530 2902; x_wconf 91' lang='lat' dir='ltr'>quae</span> <span class='ocrx_word' id='word_1_234' title='bbox 1567 2829 1822 2902; x_wconf 91' lang='lat' dir='ltr'>Apostoli</span> <span class='ocrx_word' id='word_1_235' title='bbox 1860 2826 1996 2884; x_wconf 87' lang='lat' dir='ltr'>voce</span> <span class='ocrx_word' id='word_1_236' title='bbox 2035 2830 2256 2885; x_wconf 89' lang='lat' dir='ltr'>laudata</span> 
     </span>
     <span class='ocr_line' id='line_1_32' title="bbox 175 2921 2253 2996; baseline 0.002 -23"><span class='ocrx_word' id='word_1_237' title='bbox 175 2928 271 2989; x_wconf 86' lang='lat' dir='ltr'>est,</span> <span class='ocrx_word' id='word_1_238' title='bbox 311 2921 556 2993; x_wconf 87' lang='lat' dir='ltr'>polluere</span> <span class='ocrx_word' id='word_1_239' title='bbox 597 2930 652 2975; x_wconf 88' lang='lat' dir='ltr'>et</span> <span class='ocrx_word' id='word_1_240' title='bbox 690 2923 1024 2994; x_wconf 89' lang='lat' dir='ltr'>labefactare</span> <span class='ocrx_word' id='word_1_241' title='bbox 1065 2934 1260 2979; x_wconf 90' lang='lat' dir='ltr'>conata</span> <span class='ocrx_word' id='word_1_242' title='bbox 1300 2933 1397 2980; x_wconf 80' lang='lat' dir='ltr'>est.</span> <span class='ocrx_word' id='word_1_243' title='bbox 1475 2925 1586 2979; x_wconf 86' lang='lat' dir='ltr'>Sed</span> <span class='ocrx_word' id='word_1_244' title='bbox 1641 2926 1727 2979; x_wconf 88' lang='lat' dir='ltr'>vir</span> <span class='ocrx_word' id='word_1_245' title='bbox 1782 2925 2084 2979; x_wconf 91' lang='lat' dir='ltr'>ditissimae</span> <span class='ocrx_word' id='word_1_246' title='bbox 2122 2944 2253 2996; x_wconf 90' lang='lat' dir='ltr'>pau—</span> 
     </span>
     <span class='ocr_line' id='line_1_33' title="bbox 133 3011 2257 3100; baseline 0.002 -32"><span class='ocrx_word' id='word_1_247' title='bbox 133 3088 139 3100; x_wconf 43' lang='grc' dir='ltr'><strong><em>Ι</em></strong></span> <span class='ocrx_word' id='word_1_248' title='bbox 173 3016 397 3085; x_wconf 88' lang='lat' dir='ltr'>pertatis</span> <span class='ocrx_word' id='word_1_249' title='bbox 437 3024 491 3069; x_wconf 90' lang='lat' dir='ltr'>et</span> <span class='ocrx_word' id='word_1_250' title='bbox 529 3017 859 3087; x_wconf 89' lang='lat' dir='ltr'>apostolicae</span> <span class='ocrx_word' id='word_1_251' title='bbox 900 3011 1295 3088; x_wconf 86' lang='lat' dir='ltr'>sollicitudinis,</span> <span class='ocrx_word' id='word_1_252' title='bbox 1339 3021 1520 3073; x_wconf 91' lang='lat' dir='ltr'>statim</span> <span class='ocrx_word' id='word_1_253' title='bbox 1543 3021 1784 3082; x_wconf 15' lang='lat' dir='ltr'>‘noxium</span> <span class='ocrx_word' id='word_1_254' title='bbox 1822 3020 2054 3093; x_wconf 81' lang='lat' dir='ltr'>perculit</span> <span class='ocrx_word' id='word_1_255' title='bbox 2092 3027 2257 3091; x_wconf 88' lang='lat' dir='ltr'>caput</span> 
     </span>
    </p>
   </div>
   <div class='ocr_carea' id='block_1_10' title="bbox 176 3109 2261 3188">
    <p class='ocr_par' dir='ltr' id='par_1_10' title="bbox 176 3109 2261 3188">
     <span class='ocr_line' id='line_1_34' title="bbox 176 3109 2261 3188; baseline 0.004 -28"><span class='ocrx_word' id='word_1_256' title='bbox 176 3115 230 3161; x_wconf 91' lang='lat' dir='ltr'>et</span> <span class='ocrx_word' id='word_1_257' title='bbox 267 3109 542 3163; x_wconf 91' lang='lat' dir='ltr'>sibilantia</span> <span class='ocrx_word' id='word_1_258' title='bbox 578 3110 782 3188; x_wconf 86' lang='lat' dir='ltr'>hydrae</span> <span class='ocrx_word' id='word_1_259' title='bbox 822 3131 916 3165; x_wconf 93' lang='lat' dir='ltr'>ora</span> <span class='ocrx_word' id='word_1_260' title='bbox 954 3116 1305 3184; x_wconf 84' lang='lat' dir='ltr'>compescuit.</span> <span class='ocrx_word' id='word_1_261' title='bbox 1379 3114 1453 3167; x_wconf 86' lang='lat' dir='ltr'>Et</span> <span class='ocrx_word' id='word_1_262' title='bbox 1491 3115 1620 3185; x_wconf 92' lang='lat' dir='ltr'>quia</span> <span class='ocrx_word' id='word_1_263' title='bbox 1656 3133 1865 3183; x_wconf 90' lang='lat' dir='ltr'>vereor,</span> <span class='ocrx_word' id='word_1_264' title='bbox 1905 3116 2013 3168; x_wconf 91' lang='lat' dir='ltr'>imo</span> <span class='ocrx_word' id='word_1_265' title='bbox 2041 3134 2261 3168; x_wconf 36' lang='lat' dir='ltr'>rumore&lt;</span> 
     </span>
    </p>
   </div>
   <div class='ocr_carea' id='block_1_11' title="bbox 174 3203 2255 3470">
    <p class='ocr_par' dir='ltr' id='par_1_11' title="bbox 174 3203 2255 3470">
     <span class='ocr_line' id='line_1_35' title="bbox 176 3203 2253 3280; baseline 0.003 -26"><span class='ocrx_word' id='word_1_266' title='bbox 176 3203 423 3272; x_wconf 86' lang='lat' dir='ltr'>cognovi,</span> <span class='ocrx_word' id='word_1_267' title='bbox 463 3204 522 3256; x_wconf 90' lang='lat' dir='ltr'>in</span> <span class='ocrx_word' id='word_1_268' title='bbox 560 3203 886 3274; x_wconf 91' lang='lat' dir='ltr'>quibusdam</span> <span class='ocrx_word' id='word_1_269' title='bbox 924 3206 1106 3273; x_wconf 33' lang='lat' dir='ltr'>adhuc·</span> <span class='ocrx_word' id='word_1_270' title='bbox 1142 3209 1330 3262; x_wconf 88' lang='lat' dir='ltr'>vivere</span> <span class='ocrx_word' id='word_1_271' title='bbox 1382 3217 1436 3263; x_wconf 92' lang='lat' dir='ltr'>et</span> <span class='ocrx_word' id='word_1_272' title='bbox 1484 3208 1753 3280; x_wconf 89' lang='lat' dir='ltr'>pullulare</span> <span class='ocrx_word' id='word_1_273' title='bbox 1793 3217 2065 3263; x_wconf 86' lang='lat' dir='ltr'>venenata</span> <span class='ocrx_word' id='word_1_274' title='bbox 2100 3207 2253 3262; x_wconf 88' lang='lat' dir='ltr'>blan-</span> 
     </span>
     <span class='ocr_line' id='line_1_36' title="bbox 175 3296 2255 3377; baseline 0.003 -29"><span class='ocrx_word' id='word_1_275' title='bbox 175 3296 518 3366; x_wconf 61' lang='lat' dir='ltr'>daria,‘illud</span> <span class='ocrx_word' id='word_1_276' title='bbox 554 3305 607 3351; x_wconf 92' lang='lat' dir='ltr'>te</span> <span class='ocrx_word' id='word_1_277' title='bbox 645 3300 735 3369; x_wconf 91' lang='lat' dir='ltr'>pio</span> <span class='ocrx_word' id='word_1_278' title='bbox 775 3303 1016 3377; x_wconf 88' lang='lat' dir='ltr'>caritatis</span> <span class='ocrx_word' id='word_1_279' title='bbox 1056 3303 1256 3357; x_wconf 86' lang='lat' dir='ltr'>affectu</span> <span class='ocrx_word' id='word_1_280' title='bbox 1293 3303 1756 3375; x_wconf 89' lang='lat' dir='ltr'>praemonendam</span> <span class='ocrx_word' id='word_1_281' title='bbox 1793 3312 1941 3375; x_wconf 92' lang='lat' dir='ltr'>puto,</span> <span class='ocrx_word' id='word_1_282' title='bbox 1983 3312 2043 3358; x_wconf 88' lang='lat' dir='ltr'>ut</span> <span class='ocrx_word' id='word_1_283' title='bbox 2081 3302 2255 3356; x_wconf 90' lang='lat' dir='ltr'>sancti</span> 
     </span>
     <span class='ocr_line' id='line_1_37' title="bbox 174 3382 2251 3470; baseline 0.004 -27"><span class='ocrx_word' id='word_1_284' title='bbox 174 3387 481 3445; x_wconf 89' lang='lat' dir='ltr'>Innocentii</span> <span class='ocrx_word' id='word_1_285' title='bbox 505 3391 550 3465; x_wconf 78' lang='lat'>4)</span> <span class='ocrx_word' id='word_1_286' title='bbox 591 3395 683 3465; x_wconf 89' lang='lat' dir='ltr'>qui</span> <span class='ocrx_word' id='word_1_287' title='bbox 722 3396 1053 3465; x_wconf 88' lang='lat' dir='ltr'>apostolicae</span> <span class='ocrx_word' id='word_1_288' title='bbox 1093 3382 1384 3453; x_wconf 86' lang='lat' dir='ltr'>cathedrae</span> <span class='ocrx_word' id='word_1_289' title='bbox 1413 3418 1697 3453; x_wconf 90' lang='lat' dir='ltr'>successor</span> <span class='ocrx_word' id='word_1_290' title='bbox 1723 3407 1818 3470; x_wconf 89' lang='lat' dir='ltr'>est,</span> <span class='ocrx_word' id='word_1_291' title='bbox 1858 3394 2046 3454; x_wconf 85' lang='lat' dir='ltr'>teneas</span> <span class='ocrx_word' id='word_1_292' title='bbox 2072 3399 2251 3468; x_wconf 89' lang='lat' dir='ltr'>fidem,</span> 
     </span>
    </p>
   </div>
   <div class='ocr_carea' id='block_1_12' title="bbox 349 3576 2253 3853">
    <p class='ocr_par' dir='ltr' id='par_1_12' title="bbox 359 3576 1097 3634">
     <span class='ocr_line' id='line_1_38' title="bbox 359 3576 1097 3634; baseline -0.004 -12"><span class='ocrx_word' id='word_1_293' title='bbox 359 3579 386 3634; x_wconf 92' lang='lat'>¹)</span> <span class='ocrx_word' id='word_1_294' title='bbox 417 3579 529 3622; x_wconf 90' lang='lat' dir='ltr'>Vide</span> <span class='ocrx_word' id='word_1_295' title='bbox 561 3576 620 3616; x_wconf 84' lang='lat' dir='ltr'>sis</span> <span class='ocrx_word' id='word_1_296' title='bbox 652 3578 849 3631; x_wconf 83' lang='lat' dir='ltr'>exposita</span> <span class='ocrx_word' id='word_1_297' title='bbox 879 3579 1097 3632; x_wconf 82' lang='lat' dir='ltr'>superius.</span> 
     </span>
    </p>

    <p class='ocr_par' dir='ltr' id='par_1_13' title="bbox 349 3648 1377 3706">
     <span class='ocr_line' id='line_1_39' title="bbox 349 3648 1377 3706; baseline 0 -14"><span class='ocrx_word' id='word_1_298' title='bbox 349 3651 384 3706; x_wconf 75' lang='lat'>²)</span> <span class='ocrx_word' id='word_1_299' title='bbox 418 3651 490 3694; x_wconf 82' lang='lat' dir='ltr'>Cf.</span> <span class='ocrx_word' id='word_1_300' title='bbox 522 3650 598 3694; x_wconf 85' lang='lat' dir='ltr'>lib.</span> <span class='ocrx_word' id='word_1_301' title='bbox 631 3650 667 3694; x_wconf 89' lang='grc' dir='ltr'>Ι.</span> <span class='ocrx_word' id='word_1_302' title='bbox 701 3665 740 3695; x_wconf 72' lang='grc' dir='ltr'>ο.</span> <span class='ocrx_word' id='word_1_303' title='bbox 773 3648 814 3692; x_wconf 87' lang='lat'>3.</span> <span class='ocrx_word' id='word_1_304' title='bbox 847 3664 890 3695; x_wconf 86' lang='lat'>11.</span> <span class='ocrx_word' id='word_1_305' title='bbox 920 3651 997 3693; x_wconf 88' lang='lat' dir='ltr'>IV.</span> <span class='ocrx_word' id='word_1_306' title='bbox 1371 3696 1377 3702; x_wconf 45' lang='grc'>,</span> 
     </span>
    </p>

    <p class='ocr_par' dir='ltr' id='par_1_14' title="bbox 349 3719 2253 3853">
     <span class='ocr_line' id='line_1_40' title="bbox 349 3719 2208 3780; baseline 0.004 -15"><span class='ocrx_word' id='word_1_307' title='bbox 349 3724 386 3778; x_wconf 78' lang='lat'>³)</span> <span class='ocrx_word' id='word_1_308' title='bbox 417 3724 487 3765; x_wconf 86' lang='lat' dir='ltr'>Ad</span> <span class='ocrx_word' id='word_1_309' title='bbox 516 3723 787 3767; x_wconf 85' lang='lat' dir='ltr'>Demetriad.</span> <span class='ocrx_word' id='word_1_310' title='bbox 820 3736 890 3777; x_wconf 78' lang='lat' dir='ltr'>ep.</span> <span class='ocrx_word' id='word_1_311' title='bbox 921 3719 1045 3766; x_wconf 89' lang='lat' dir='ltr'>VIII.</span> <span class='ocrx_word' id='word_1_312' title='bbox 1076 3737 1147 3778; x_wconf 77' lang='lat' dir='ltr'>ap.</span> <span class='ocrx_word' id='word_1_313' title='bbox 1179 3724 1319 3779; x_wconf 83' lang='lat' dir='ltr'>Mign.</span> <span class='ocrx_word' id='word_1_314' title='bbox 1349 3725 1427 3770; x_wconf 84' lang='lat' dir='ltr'>lat.</span> <span class='ocrx_word' id='word_1_315' title='bbox 1457 3725 1548 3767; x_wconf 87' lang='lat' dir='ltr'>PP.</span> <span class='ocrx_word' id='word_1_316' title='bbox 1578 3729 1608 3767; x_wconf 82' lang='lat' dir='ltr'>t.</span> <span class='ocrx_word' id='word_1_317' title='bbox 1641 3724 1712 3767; x_wconf 81' lang='lat'>22.</span> <span class='ocrx_word' id='word_1_318' title='bbox 1745 3738 1815 3780; x_wconf 83' lang='lat' dir='ltr'>ep.</span> <span class='ocrx_word' id='word_1_319' title='bbox 1849 3726 2027 3770; x_wconf 78' lang='lat' dir='ltr'>CXXX.</span> <span class='ocrx_word' id='word_1_320' title='bbox 2060 3741 2104 3771; x_wconf 80' lang='lat' dir='ltr'>n.</span> <span class='ocrx_word' id='word_1_321' title='bbox 2137 3724 2208 3772; x_wconf 82' lang='lat'>16.</span> 
     </span>
     <span class='ocr_line' id='line_1_41' title="bbox 351 3797 2253 3853; baseline 0.001 -14"><span class='ocrx_word' id='word_1_322' title='bbox 351 3797 384 3852; x_wconf 80' lang='lat'>⁴)</span> <span class='ocrx_word' id='word_1_323' title='bbox 416 3798 506 3839; x_wconf 93' lang='lat' dir='ltr'>Ubi</span> <span class='ocrx_word' id='word_1_324' title='bbox 551 3811 640 3838; x_wconf 87' lang='lat' dir='ltr'>non</span> <span class='ocrx_word' id='word_1_325' title='bbox 687 3810 814 3838; x_wconf 88' lang='lat' dir='ltr'>secus</span> <span class='ocrx_word' id='word_1_326' title='bbox 855 3810 908 3838; x_wconf 86' lang='lat' dir='ltr'>ac</span> <span class='ocrx_word' id='word_1_327' title='bbox 951 3798 998 3836; x_wconf 91' lang='lat' dir='ltr'>in</span> <span class='ocrx_word' id='word_1_328' title='bbox 1043 3810 1140 3841; x_wconf 79' lang='lat' dir='ltr'>can.</span> <span class='ocrx_word' id='word_1_329' title='bbox 1183 3797 1266 3841; x_wconf 86' lang='lat'>111.</span> <span class='ocrx_word' id='word_1_330' title='bbox 1302 3799 1563 3852; x_wconf 75' lang='lat' dir='ltr'>sardicensi,</span> <span class='ocrx_word' id='word_1_331' title='bbox 1595 3799 1649 3840; x_wconf 92' lang='lat' dir='ltr'>de</span> <span class='ocrx_word' id='word_1_332' title='bbox 1682 3813 1768 3853; x_wconf 91' lang='lat' dir='ltr'>quo</span> <span class='ocrx_word' id='word_1_333' title='bbox 1800 3813 1946 3853; x_wconf 87' lang='lat' dir='ltr'>supra,</span> <span class='ocrx_word' id='word_1_334' title='bbox 1977 3799 2253 3841; x_wconf 87' lang='lat' dir='ltr'>individuum</span> 
     </span>
    </p>
   </div>
   <div class='ocr_carea' id='block_1_13' title="bbox 173 3864 2254 3999">
    <p class='ocr_par' dir='ltr' id='par_1_15' title="bbox 173 3864 2254 3999">
     <span class='ocr_line' id='line_1_42' title="bbox 174 3864 2254 3927; baseline 0.003 -16"><span class='ocrx_word' id='word_1_335' title='bbox 174 3883 346 3923; x_wconf 87' lang='lat' dir='ltr'>nomen,</span> <span class='ocrx_word' id='word_1_336' title='bbox 380 3871 437 3912; x_wconf 86' lang='lat' dir='ltr'>ad</span> <span class='ocrx_word' id='word_1_337' title='bbox 469 3871 585 3924; x_wconf 88' lang='lat' dir='ltr'>quod</span> <span class='ocrx_word' id='word_1_338' title='bbox 627 3883 697 3912; x_wconf 90' lang='lat' dir='ltr'>res</span> <span class='ocrx_word' id='word_1_339' title='bbox 727 3874 819 3911; x_wconf 89' lang='lat' dir='ltr'>tum</span> <span class='ocrx_word' id='word_1_340' title='bbox 858 3870 1118 3923; x_wconf 83' lang='lat' dir='ltr'>pertinebat,</span> <span class='ocrx_word' id='word_1_341' title='bbox 1151 3884 1230 3924; x_wconf 91' lang='lat' dir='ltr'>pro</span> <span class='ocrx_word' id='word_1_342' title='bbox 1268 3864 1501 3917; x_wconf 82' lang='lat' dir='ltr'>cathedrae</span> <span class='ocrx_word' id='word_1_343' title='bbox 1540 3887 1745 3915; x_wconf 84' lang='lat' dir='ltr'>romanae</span> <span class='ocrx_word' id='word_1_344' title='bbox 1789 3874 1993 3927; x_wconf 85' lang='lat' dir='ltr'>episcopo</span> <span class='ocrx_word' id='word_1_345' title='bbox 2025 3873 2254 3927; x_wconf 86' lang='lat' dir='ltr'>speciatim</span> 
     </span>
     <span class='ocr_line' id='line_1_43' title="bbox 173 3942 609 3999; baseline 0.005 -15"><span class='ocrx_word' id='word_1_346' title='bbox 173 3946 430 3999; x_wconf 82' lang='lat' dir='ltr'>usurpatum</span> <span class='ocrx_word' id='word_1_347' title='bbox 458 3942 609 3999; x_wconf 74' lang='lat' dir='ltr'>habes,</span> 
     </span>
    </p>
   </div>
   <div class='ocr_carea' id='block_1_14' title="bbox 2348 1990 2528 2023">
    <p class='ocr_par' dir='ltr' id='par_1_16' title="bbox 2348 1990 2528 2023">
     <span class='ocr_line' id='line_1_44' title="bbox 2348 1990 2528 2023; baseline 0 -1"><span class='ocrx_word' id='word_1_348' title='bbox 2348 1990 2528 2023; x_wconf 73' lang='lat' dir='ltr'>Irenacue.</span> 
     </span>
    </p>
   </div>
   <div class='ocr_carea' id='block_1_15' title="bbox 2318 2469 2567 2512">
    <p class='ocr_par' dir='ltr' id='par_1_17' title="bbox 2318 2469 2567 2512">
     <span class='ocr_line' id='line_1_45' title="bbox 2318 2469 2567 2512; baseline 0.008 -11"><span class='ocrx_word' id='word_1_349' title='bbox 2318 2469 2567 2512; x_wconf 68' lang='lat' dir='ltr'>Hieronymus.</span> 
     </span>
    </p>
   </div>
  </div>
 </body>
</html>
