2716 4446
1381 91 1724 155 -82-

521 237 607 296 vel
644 241 823 312 ipsum
880 235 1285 292 hierarcharum
1343 246 1534 310 caput,
1599 246 1792 292 natura
1854 258 1919 292 ac
1979 237 2160 293 indole
2217 258 2315 293 sua
2370 237 2587 294 omnino

161 330 506 408 ᾓξᾞζῇξζζξὲξζξρ
518 341 800 405 repugnat.
875 333 1045 404 Atqui
1084 332 1232 386 aliud
1271 340 1355 386 est
1394 351 1656 404 quaerere
1709 332 1776 386 de
1814 332 1993 386 medio
2043 333 2353 404 regiminiS,
2405 341 2586 388 utrum
2665 399 2669 403 ⁴

203 418 460 450 “mmmmm
519 427 728 481 scilicet
765 435 818 480 et
856 426 1071 498 quando
1111 426 1425 480 hierarchae
1466 426 1536 479 ad
1573 426 1886 496 regendam,
1927 437 1987 482 ut
2022 446 2122 498 par
2159 434 2256 496 est,
2299 426 2587 481 ecclesiam

514 522 624 576 Dei
661 520 919 575 adhibere
956 523 1166 592 possint
1203 521 1292 574 vel
1330 520 1565 574 debeant
1606 521 1922 592 synodalem
1961 529 2304 591 conventum,
2346 529 2400 576 et
2437 521 2587 576 aliud

516 623 598 668 est
633 633 892 686 quaerere
932 614 999 668 de
1038 615 1319 685 regiminis
1361 633 1757 686 supremaeque
1795 618 2081 686 potestatis
2121 615 2388 685 subiect0,
2441 615 2586 688 quod

515 716 598 763 est
653 709 958 780 diciturque
1017 727 1257 762 summus
1316 709 1582 763 ecclesiae
1640 709 1953 779 hierarcha,
2015 729 2120 782 quo
2178 711 2583 766 hierarcharum

514 803 646 857 ordo
687 812 976 858 coronatur
1012 823 1078 858 ac
1116 812 1536 858 consummatur.
1612 803 1862 875 Seposita
1901 823 2030 875 ergo
2058 806 2374 876 quaestione
2399 806 2583 877 priori,

511 899 578 952 de
618 918 726 970 qua
761 918 906 952 nunc
943 899 1078 952 nihil
1115 899 1185 952 ad
1222 918 1338 968 nos,
1378 899 1646 953 removeri
1682 897 1844 969 plane
1883 899 1952 953 ab
1991 899 2161 953 altero
2200 897 2584 970 disputationis

514 1000 833 1065 argumento
873 993 1107 1047 concilia
1147 992 1351 1047 debent
1389 1012 1453 1046 ac
1494 993 1705 1065 synodi.
1781 993 2038 1048 Jamvero

682 1089 732 1142 4.
773 1087 1227 1159 quemadmodum
1265 1089 1321 1140 in
1360 1087 1510 1141 nulla
1549 1088 1814 1142 ecclesiae
1852 1097 2022 1160 parte,
2063 1107 2240 1161 neque
2278 1088 2333 1141 in
2373 1089 2581 1160 episco-

509 1183 638 1255 pali,
678 1201 856 1254 neque
882 1183 939 1236 in
962 1182 1394 1253 metropolitana,
1434 1202 1612 1255 neque
1638 1182 2002 1254 patriarchali,
2030 1182 2312 1255 regiminis
2337 1189 2582 1254 potestas

511 1286 565 1331 et
601 1279 782 1332 unitas
820 1297 990 1350 penes
1029 1284 1356 1331 conventum
1414 1276 1776 1330 multitudinis
1833 1276 1922 1331 vel
1978 1276 2269 1331 concilium
2325 1275 2580 1347 plurium,

511 1373 606 1427 sed
631 1392 728 1444 pro
756 1374 869 1427 suis
897 1371 1211 1444 singillatim
1239 1370 1565 1425 dictionibus
1591 1389 1760 1442 penes
1789 1372 2122 1442 episcopum,
2162 1370 2578 1445 metropolitam,

509 1466 873 1539 patriarcham
912 1474 1020 1523 est:
1078 1467 1156 1520 ita
1194 1464 1264 1519 ab
1304 1464 1554 1537 analogia
1592 1464 1829 1519 alienum
1869 1475 1923 1520 et
1960 1465 2224 1519 absonum
2262 1466 2429 1536 foret,
2485 1483 2578 1537 pa-

508 1561 865 1615 triarcharum
902 1562 1166 1616 unitatem
1224 1562 1492 1617 collocare
1550 1563 1607 1614 in
1670 1560 1879 1633 synodo
1921 1561 2037 1615 sive
2075 1559 2424 1632 interpellata
2461 1561 2580 1615 sive

509 1657 835 1711 continuata.
909 1655 983 1708 Et
1022 1674 1152 1710 sane

685 1749 734 1804 5.
773 1748 1142 1803 hierarchicus
1182 1750 1560 1821 episcoporum
1599 1749 1839 1803 omnium
1877 1750 2234 1820 organismus,
2275 1749 2429 1803 cuius
2455 1767 2577 1804 con-

507 1842 730 1896 structio
772 1863 805 1896 a
841 1842 963 1896 basi
1000 1842 1308 1914 largissima
1344 1863 1442 1914 per
1479 1844 1679 1914 gradus
1720 1862 1934 1914 semper
1971 1846 2232 1898 arctiores
2270 1845 2508 1915 assurgit
2532 1844 2574 1915 ¹)

507 1955 681 2008 usque
719 1936 791 1989 ad
829 1945 939 1990 tres
981 1936 1373 2007 patriarchales
1411 1936 1664 2004 thronos,
1704 1936 1912 2008 absque
1949 1938 2156 1991 unitate
2194 1938 2348 2006 foret,
2388 1939 2435 1991 si
2472 1939 2576 1992 sin-

505 2030 666 2101 gulus
706 2031 937 2103 quisque
976 2030 1290 2102 patriarcha
1328 2038 1473 2084 esset
1523 2038 1687 2101 caput
1725 2049 2036 2102 supremum
2075 2050 2140 2084 ac
2176 2030 2579 2102 independens3

505 2123 644 2178 foret
668 2124 920 2178 culminis
948 2124 1103 2196 apice
1131 2124 1438 2194 destitutuS,
1460 2124 1836 2196 incompletuS,
1882 2124 2212 2196 inperfectus
2238 2132 2292 2179 et
2317 2124 2579 2196 ἀκέφαλος,

504 2220 612 2272 nisi
651 2238 892 2273 summus
930 2219 1176 2292 pontifex
1202 2226 1468 2291 potestate
1509 2221 1701 2291 capitis
1740 2205 1934 2274 iisdem
1973 2230 2119 2275 esset
2158 2221 2417 2292 superior.
2455 2220 2581 2293 Ipse

504 2314 672 2384 igitur
707 2333 836 2368 vere
875 2316 1114 2368 omnium
1151 2314 1374 2367 Patrum
1399 2315 1444 2387 ⁹)
1486 2316 1782 2382 summitas,
1824 2315 1969 2385 apud
1994 2316 2172 2387 ipsum
2198 2315 2387 2370 itidem
2411 2315 2580 2369 veris-

508 2411 643 2463 sime
682 2409 921 2463 omnium
960 2409 1243 2480 potestatis
1282 2409 1671 2480 regiminisque
1711 2407 2152 2472 ἄνακεφαλαίωσις.

232 2597 432 2632 Ebediema.
683 2580 718 2635 ¹)
751 2582 994 2638 Singularis
1025 2588 1091 2625 est
1120 2585 1438 2627 animadversio
1469 2585 1690 2626 Ebediesu
1721 2585 1893 2628 sobens.
1925 2589 2050 2627 tract.
2091 2587 2167 2628 VI.
2189 2599 2261 2640 ap.
2279 2587 2370 2628 Mai
2406 2587 2574 2641 scriptt.

507 2660 615 2700 vett.
647 2661 677 2698 t.
708 2656 766 2701 X.
797 2671 891 2711 par.
922 2658 957 2698 Ι.
988 2671 1032 2711 p.
1055 2655 1155 2701 106.
1188 2671 1253 2711 sq.
1287 2670 1373 2711 qua
1405 2659 1667 2699 enumeratis
1698 2658 1837 2699 tribus
1868 2658 2092 2699 ordinibus
2122 2659 2414 2711 hierarchicis,
2431 2659 2576 2700 diaco-

507 2733 625 2781 natu,
670 2729 987 2783 presbyteratu,
1034 2729 1300 2783 episcopatu‚
1342 2729 1509 2770 subdit:
1555 2729 1765 2783 „Antiqui
1803 2734 1948 2772 autem
1989 2731 2150 2783 dicunt,
2182 2732 2267 2772 ista
2297 2735 2451 2785 typum
2481 2745 2576 2774 esse

148 2793 490 2870 ᾒξγὲζθξὲζηᾝῑξξ·
507 2815 670 2855 eorum,
703 2815 815 2856 quae
844 2803 892 2843 in
923 2802 1102 2843 coelesti
1133 2802 1320 2843 ecclesia
1350 2802 1472 2843 fiunt.
1505 2802 1881 2853 Quemadmodum
1913 2803 2029 2844 enim
2058 2803 2245 2845 ecclesia
2283 2804 2360 2845 illa
2398 2805 2445 2844 in
2488 2809 2578 2846 tres

478 2865 487 2871 ’
508 2874 680 2915 ordines
723 2873 1024 2928 (hierarchias)
1066 2874 1283 2926 dividitur,
1327 2879 1371 2915 et
1407 2875 1708 2929 unusquisque
1748 2875 1853 2916 ordo
1893 2876 1938 2916 in
1968 2880 2056 2917 tres
2088 2876 2249 2930 gradus
2280 2876 2574 2928 distribuitur-3

506 2949 567 2989 ita
582 2952 626 2990 et
641 2947 757 3002 apud
772 2960 871 2988 nos:
890 2948 1055 3001 primus
1074 2960 1128 2988 ex
1143 2948 1281 2988 tribus
1299 2947 1522 2988 ordinibus
1541 2951 1607 2988 est
1622 2947 1889 2999 diaconatus,
1913 2950 1989 3002 qui
2009 2949 2054 2989 in
2070 2952 2158 2989 tres
2174 2949 2335 3002 gradus
2357 2948 2576 3002 dividitur,

506 3021 710 3062 nimirum
738 3021 785 3060 in
813 3020 1013 3072 lectores,
1043 3019 1382 3073 hypodiaconos,
1413 3023 1456 3060 et
1486 3019 1691 3060 diaconos
1723 3051 1734 3062 .
1767 3050 1778 3061 .
1811 3051 1821 3061 .
1855 3019 2083 3062 Secundus
2103 3021 2208 3062 ordo
2226 3024 2292 3062 est
2303 3021 2579 3075 presbytera·

505 3098 589 3146 tus,
622 3094 698 3147 qui
727 3093 937 3134 dividitur
966 3093 1012 3132 in
1042 3092 1334 3146 presbyteros,
1366 3092 1643 3145 periodeutas
1674 3096 1717 3133 et
1746 3093 2074 3134 archidiaconos
2106 3124 2119 3136 .
2153 3123 2163 3133 .
2196 3123 2206 3134 .
2255 3093 2429 3135 Tertius
2458 3093 2576 3135 aliis-

507 3179 591 3219 que
614 3165 785 3207 duobus
807 3165 1003 3219 superior
1025 3164 1130 3205 ordo
1153 3168 1219 3205 est
1238 3165 1531 3218 episcopatus,
1554 3165 1676 3205 cuius
1699 3165 1859 3218 gradus
1878 3168 2001 3206 sunt:
2034 3165 2264 3219 episcopus
2280 3160 2465 3219 simplex
2487 3197 2499 3209 .
2523 3197 2536 3210 .
2561 3196 2575 3210 .

506 3239 737 3291 secundus,
772 3239 847 3293 qui
880 3242 924 3280 et
954 3239 1151 3292 superior
1181 3242 1247 3279 est
1277 3238 1483 3292 episcopo
1514 3238 1723 3291 simplice,
1757 3242 1823 3279 est
1853 3238 2082 3292 episcopus
2112 3238 2472 3292 metropolitanus
2492 3269 2504 3282 .
2528 3270 2536 3278 .
2561 3268 2574 3281 .

505 3311 659 3352 tertius
691 3310 852 3364 gradus
882 3309 1012 3350 huius
1042 3309 1220 3361 ordinis,
1249 3311 1324 3362 qui
1354 3310 1552 3362 superior
1582 3313 1647 3350 est
1678 3310 1879 3357 omnibus
1910 3310 2142 3352 sacerdotii
2163 3310 2370 3364 gradibus
2394 3313 2438 3351 et
2451 3312 2576 3363 pater

507 3383 761 3435 communis,
804 3382 1043 3423 catholicus
1088 3382 1337 3435 patriarcha
1367 3387 1476 3434 est„
1539 3382 1606 3423 Ne
1647 3386 1794 3423 tamen
1835 3383 2060 3423 exclusum
2099 3382 2321 3423 videretur
2361 3382 2574 3423 ecclesiae

507 3460 650 3510 caput,
681 3455 804 3496 addit
832 3454 992 3495 ibidem
1024 3468 1065 3508 p.
1100 3452 1197 3496 107.
1231 3468 1342 3508 quae
1373 3454 1428 3495 ad
1458 3455 1798 3508 patriarchatum
1826 3457 2056 3510 pertinent,
2088 3456 2193 3509 „qui
2222 3459 2287 3496 est
2306 3455 2574 3509 principatus

505 3529 827 3582 principatuum
877 3528 923 3568 in
955 3527 1153 3577 ecclesia,
1186 3527 1461 3581 designatum
1507 3542 1586 3581 per
1627 3529 1904 3570 traditionem
1947 3528 2132 3569 clavium
2175 3528 2300 3582 regni
2341 3527 2573 3579 coelorum,

508 3613 616 3654 quas
648 3599 815 3641 Simoni
845 3600 989 3652 dedit„
1025 3604 1069 3640 et
1099 3613 1140 3653 q.
1173 3613 1210 3643 s.
1242 3600 1306 3640 uti
1336 3600 1457 3654 leges
1487 3600 1668 3641 inferius
1700 3600 1753 3641 de
1783 3600 2032 3654 patriarcha
2060 3613 2257 3642 romanO.

682 3671 716 3727 ²)
758 3673 858 3713 Huc
897 3672 1003 3713 facit
1043 3672 1275 3726 descriptio
1319 3671 1450 3716 Joan.
1491 3672 1753 3715 Damascen.
1796 3672 1849 3713 de
1880 3673 2050 3713 dormit.
2081 3672 2210 3725 Deip.
2241 3671 2394 3714 orsII.
2425 3683 2467 3712 n.
2499 3667 2571 3712 18.
2615 3726 2617 3728 ¹

508 3757 606 3797 opp.
637 3748 668 3784 t.
699 3744 758 3787 11.
787 3758 830 3797 p.
863 3742 962 3786 881.
1010 3743 1186 3798 Πέτρος
1230 3737 1255 3797 ἦ
1287 3745 1516 3799 κορυφαῖα
1546 3743 1623 3783 καὶ
1651 3741 1944 3800 πρεσβυτάτη
1974 3743 2062 3784 τῶν
2094 3739 2325 3792 θεολόγων
2355 3737 2573 3796 ἀκρότης.-

505 3816 690 3867 „Petrus
722 3829 924 3869 suprema
954 3819 998 3857 et
1026 3816 1330 3869 antiquissima
1347 3815 1660 3870 ‚theologorum
1691 3816 1958 3868 summitas„
1992 3814 2101 3857 0011.
2124 3813 2307 3867 geminis
2328 3825 2471 3866 super.
2494 3811 2571 3855 lib.

507 3900 546 3938 ο.
575 3888 651 3933 IV.
682 3886 725 3932 5.
756 3902 830 3947 pp.
850 3886 947 3932 166.
980 3900 1076 3943 sqq.
1110 3892 1152 3929 et
1181 3888 1363 3943 Dionys,
1397 3888 1551 3932 Petav.
1570 3887 1623 3929 de
1655 3887 1808 3930 eccles.
1839 3887 1948 3931 hier.
1979 3886 2008 3930 1.
2039 3886 2121 3930 111.
2154 3899 2190 3926 c.
2224 3883 2264 3928 7.
2282 3898 2354 3928 nn.
2379 3883 2448 3931 10.
2472 3896 2568 3939 sqq.

146 3690 249 3724 Joan.
284 3690 487 3724 Damaseen.
