2716 4446
124 509 299 553 Superbia
306 513 472 549 renitens.

182 1073 215 1108 I.
251 1073 326 1108 Pet.
356 1073 396 1108 V.

138 1362 331 1396 Romanum
345 1365 440 1397 illud

125 1407 306 1447 imperium
322 1410 443 1451 zeyale.

103 1838 246 1882 (ἕτερον.
288 1842 450 1874 nazianz.

164 3267 201 3303 S.
217 3268 287 3302 Leo
311 3269 375 3306 IX.

130 3847 252 3893 Georq.
268 3850 398 3892 trapa.

1357 166 1702 235 „452-

490 304 661 382 Atqui
699 304 906 382 placuit
943 308 1082 383 Deo,
1122 314 1387 372 vicariam
1415 319 1498 372 sui
1525 320 1903 375 auctoritatem
1927 322 1985 376 in
2020 324 2181 377 terris
2208 320 2565 398 constituere3

490 412 602 458 tum
624 405 846 476 placuit,
875 405 1001 461 huic
1018 407 1238 479 plenam
1264 412 1547 482 regiminis
1570 413 1826 491 conferre
1843 421 2169 486 potestatem
2183 427 2202 486 ;‘
2221 418 2397 472 voluit
2411 418 2564 474 Chri-

491 507 604 552 stus
627 498 696 552 ab
720 518 786 553 ea
807 500 1231 557 ecclesiasticam
1254 507 1570 560 societatem
1592 526 1807 561 omnem
1829 516 1884 561 et
1908 510 1965 562 in
1986 510 2234 564 omnibus
2257 511 2564 583 dependere

487 612 784 666 omnesque
807 594 981 649 eidem
998 595 1220 652 obedire
1238 618 1250 667 3
1273 599 1370 668 sed
1385 600 1558 654 voluit
1576 602 1764 655 itidem
1785 604 1903 674 ipse
1920 603 2095 676 eidem
2118 623 2214 658 suo
2236 605 2428 659 adesse
2447 606 2563 678 iugi
2631 598 2636 605 ’

482 688 774 760 praesidio,
796 709 863 744 ne
891 689 987 743 illa
1011 691 1068 745 in
1094 699 1468 747 transversum
1495 714 1735 767 unquam
1762 696 1941 767 abripi
1967 706 2179 768 possett
2209 717 2409 770 quaeso
2434 701 2560 770 iam,

483 785 553 837 sit
590 803 693 837 nec
729 803 798 837 ne
837 785 1159 855 figmentum
1195 787 1436 841 malitiae
1474 790 1576 843 iste
1616 809 1873 845 romanae
1899 792 2203 864 tyrannidis
2230 794 2389 847 timor
2415 793 2591 869 apud..

479 877 755 932 hominem
796 880 1008 935 sincere
1048 881 1404 936 credentem?
1455 885 1543 940 sit¹
1574 903 1677 937 nec
1715 904 1784 938 116
1823 904 1997 939 vanus
2034 886 2270 940 hominis
2308 896 2559 958 praetex-

479 980 582 1042 tuS,
625 974 718 1045 qui
759 974 844 1026 sui
883 993 1123 1046 suaeque
1164 976 1453 1047 superbiae
1485 976 1523 1050 ¹)
1572 979 1731 1048 inpos
1770 978 1993 1032 obedire
2031 998 2135 1032 nec
2174 981 2276 1034 scit
2311 999 2415 1034 nec
2452 981 2560 1034 dis·
2614 1033 2618 1036 ,
2655 1001 2657 1003 ’

480 1087 602 1122 6616
645 1068 882 1139 satagit?
920 1069 1338 1139 „Humiliamini
1378 1072 1543 1142 igitur
1581 1072 1682 1125 sub
1720 1073 1930 1143 potenti
1955 1092 2121 1127 manu
2143 1074 2267 1136 Dei,
2307 1073 2497 1128 scribit
2511 1075 2557 1147 ⁹)

476 1163 733 1235 princeps
773 1164 1159 1235 Apostolorum
1215 1165 1428 1235 PetruS‚
1487 1173 1548 1220 ut
1603 1186 1703 1220 vos
1760 1166 1970 1220 exaltet
2026 1168 2082 1220 in
2137 1174 2381 1240 tempore
2427 1169 2557 1222 visi-
2637 1164 2664 1211 ·'

475 1258 745 1321 tationis„

646 1353 769 1407 474.
813 1351 1138 1425 Comparato
1180 1356 1258 1409 sic
1297 1357 1476 1409 animo
1517 1364 1571 1409 et
1607 1355 1677 1409 ad
1716 1356 1988 1410 sentiendi
2024 1356 2346 1410 modestiam
2383 1356 2554 1410 humi·
2616 1409 2631 1421 ,

473 1445 790 1519 litatemque
848 1448 1278 1519 adcommodatO,
1337 1468 1477 1521 quae
1537 1457 1619 1503 est
1676 1449 1911 1504 conditio
1969 1469 2079 1504 non
2118 1450 2307 1504 salutis
2345 1457 2555 1504 tantum
2630 1485 2633 1489 —

471 1542 814 1613 operandae,
892 1543 989 1596 sed
1060 1544 1223 1596 etiam
1297 1545 1400 1597 rite
1471 1544 1816 1616 concipiendi
1884 1552 2141 1616 recteque
2210 1532 2554 1616 intelligendi

470 1637 675 1691 ordinis
735 1637 1014 1690 salutaris:
1074 1638 1143 1691 ad
1198 1657 1313 1691 rem
1371 1638 1532 1709 paulo
1589 1637 2061 1709 contemplandam
2113 1639 2435 1692 adcuratius'
2461 1634 2554 1692 v'ia

468 1739 620 1803 patet
658 1739 823 1804 atque
862 1732 1059 1785 aditus.
1099 1733 1292 1804 Itaque
1335 1732 1402 1785 de
1443 1751 1698 1804 supremo
1734 1732 2008 1803 pontificis
2057 1732 2362 1786 sacerdotio
2401 1732 2550 1786 idem

468 1827 713 1898 profecto
771 1826 935 1896 valet,
979 1826 1124 1898 quod
1180 1825 1467 1897 theologus
1503 1828 1872 1880 nazianzenus
1913 1826 1980 1880 de
2020 1826 2324 1880 sacerdotio
2349 1827 2394 1898 ³)
2433 1826 2550 1879 uni-

466 1939 625 1975 verse
664 1920 929 1989 adfirmat,
970 1920 1088 1974 falli
1129 1922 1221 1992 qui
1252 1920 1389 1974 illud
1428 1939 1547 1974 esse
1578 1921 1856 1990 „iudicent
1889 1939 1996 1973 non
2026 1939 2221 1974 munus
2248 1920 2549 1974 referendis

464 2014 767 2068 rationibus
808 2014 1124 2083 obnoxium,
1188 2013 1285 2066 sed
1340 2014 1629 2085 imperium
1688 2012 1758 2066 ab
1798 2014 1946 2066 omni
1985 2032 2216 2067 censura
2251 2015 2542 2084 immune.„

462 2108 564 2161 Est
605 2110 884 2163 enimvero
925 2109 1215 2180 imperium
1252 2126 1361 2160 non
1403 2107 1583 2174 exleX,
1625 2114 1684 2160 ut
1710 2107 1877 2175 aiunt,
1908 2106 2004 2159 sed
2030 2125 2237 2160 summe
2265 2105 2545 2176 rationale,
2612 2094 2617 2096 ⁷

463 2211 829 2275 aeternaeque
867 2204 1094 2256 rationis
1134 2222 1199 2255 ac
1236 2202 1578 2255 rectitudinis
1635 2201 1971 2273 amplissima
2023 2194 2289 2272 quaedam
2325 2201 2543 2271 partici-

461 2300 639 2368 patio:
697 2307 940 2369 potestas
998 2297 1203 2351 tributa
1240 2297 1487 2369 pontifici
1527 2303 1611 2349 est
1649 2295 1850 2349 collata
1887 2296 1944 2347 in
1984 2295 2171 2348 ordine
2212 2295 2283 2347 ad
2320 2294 2542 2348 authen-

460 2395 628 2446 ticum
668 2401 722 2446 et
761 2412 1075 2464 supremum
1114 2392 1382 2447 ecclesiae
1422 2391 1796 2463 magisterium
1823 2397 1877 2444 et
1899 2390 2161 2460 regimen.
2202 2387 2384 2455 Quum
2407 2407 2539 2443 vero
2576 2464 2579 2468 s

460 2487 597 2540 illud
634 2498 856 2558 regatur
882 2489 1130 2556 veritate,
1158 2487 1262 2541 hoc
1288 2487 1633 2558 potissimum
1659 2487 1867 2539 iustitia
1892 2504 1956 2538 ac
1981 2484 2289 2556 prudentia,
2313 2483 2540 2554 adparet

458 2582 770 2652 pontificem
811 2582 1043 2654 obligari
1080 2584 1137 2636 in
1164 2583 1426 2636 exercitio
1455 2581 1697 2652 supremi
1724 2581 1808 2633 sui
1834 2580 2121 2633 ministerii
2147 2579 2351 2632 normis
2373 2577 2419 2648 4)
2446 2597 2535 2632 ve-

458 2678 650 2744 ritatis,
695 2679 948 2747 iustitiae,
978 2678 1315 2749 prudentiae.
1370 2678 1536 2749 Atqui
1586 2695 1654 2729 ne
1706 2675 1852 2728 idem
1903 2675 2110 2728 eversis
2163 2672 2535 2743 neglectisque

457 2773 660 2825 normis
686 2771 794 2825 illis
834 2773 891 2825 in
918 2772 1302 2826 detrimentum
1330 2781 1492 2845 atque
1519 2772 1732 2824 ruinam
1760 2770 1925 2823 totius
1962 2768 2231 2822 ecclesiae
2257 2766 2326 2821 ab
2355 2766 2534 2820 officio

458 2867 691 2935 excidat,
717 2886 923 2920 summo
951 2868 1057 2938 ipsi
1081 2867 1289 2921 doctori
1316 2874 1369 2920 et
1399 2867 1601 2937 pastori
1626 2864 1842 2918 docenti
1865 2863 2152 2917 ecclesiam
2179 2861 2531 2932 pascentique

456 2960 612 3014 adest
651 2959 903 3015 Christus
941 2961 1212 3015 Dominus
1253 2969 1308 3014 et
1345 2940 1591 3031 Spiritus&
1621 2959 1766 3027 eius3
1821 2958 1922 3010 sed
1959 2957 2063 3010 1106
2100 2945 2430 3010 111611116161
2466 2973 2531 3008 ac

635 3254 665 3307 ¹)
696 3255 798 3296 Huc
827 3257 1027 3309 spectant
1065 3252 1212 3294 Gelas.
1255 3266 1323 3306 ep.
1362 3250 1404 3294 8.
1448 3251 1479 3295 1.
1512 3264 1549 3294 6.
1582 3264 1625 3305 p.
1654 3246 1728 3293 46.
1770 3248 1932 3291 Leonis
1961 3245 2040 3292 IX.
2072 3261 2139 3302 ep.
2171 3245 2228 3289 ad
2257 3244 2463 3290 Michael.
2494 3243 2525 3290 l.

451 3342 488 3370 c.
510 3342 554 3373 n.
577 3327 830 3370 XXXVIII.
863 3327 1006 3380 „Quia
1036 3338 1141 3367 vero
1162 3328 1263 3366 ante
1294 3324 1441 3365 omnia
1470 3322 1680 3377 pestilens
1701 3326 1839 3364 mater
1868 3320 2075 3375 superbia
2105 3321 2286 3373 eiusque
2318 3319 2527 3360 crudelis-

449 3397 585 3442 simae
615 3401 747 3453 filiae,
779 3399 927 3441 invida
958 3399 1126 3440 scilicet
1155 3411 1208 3439 ac
1238 3398 1381 3438 inanis
1412 3397 1566 3451 gloria,
1589 3396 1752 3450 passim
1774 3395 1994 3436 obstinata
2021 3393 2143 3434 rabie
2174 3405 2331 3446 corpus
2363 3391 2526 3433 Christi

448 3473 686 3515 moliuntur
716 3473 962 3514 eviscerare
995 3475 1038 3512 et
1069 3471 1335 3522 dilacerare„
1370 3469 1470 3515 Gal.
1502 3468 1556 3511 V.
1592 3472 1635 3508 et
1667 3481 1708 3521 q.
1739 3481 1774 3510 s.

621 3544 655 3601 ²)
687 3546 722 3588 I.
754 3559 823 3599 ep.
855 3545 911 3589 V.
944 3542 987 3587 6.
1020 3540 1347 3596 Ταπεινώθητε
1379 3530 1461 3582 οὖν
1492 3536 1585 3581 ὖπό
1618 3536 1701 3594 τὴν
1731 3533 1958 3595 κραταιὰν
2002 3538 2136 3593 χεῖρα
2164 3534 2253 3577 τοῦ
2284 3534 2415 3587 θευῦ,
2447 3531 2523 3575 ἵνα

447 3618 565 3667 υμᾶς
594 3613 749 3674 ὑψώσῃ
782 3617 826 3658 ἐν
857 3615 996 3672 καίρῳ
1029 3615 1148 3669 (add.
1180 3615 1238 3659 al.
1273 3613 1557 3668 ἐπισκοπῆς).

622 3688 657 3743 ³)
691 3690 874 3743 Gregor.
919 3688 1118 3730 nazianz.
1165 3700 1225 3729 or.
1274 3686 1334 3730 H.
1382 3699 1480 3739 opp.
1528 3685 1596 3726 ed.
1637 3684 1777 3726 Paris.
1819 3680 1946 3725 1842.
1988 3685 2022 3726 t.
2052 3681 2090 3725 Ι.
2119 3694 2164 3735 Ρ.
2196 3679 2264 3722 15.
2295 3680 2352 3724 D.
2397 3673 2519 3720 Οὐδὲ

449 3759 756 3814 (νομίζοντες)
789 3758 1079 3816 λειτουργίαν
1109 3754 1390 3808 ὑπεύθυνον,
1422 3753 1515 3798 ἀλλ’
1551 3752 1698 3814 ἀρχὴν
1729 3751 2040 3800 ἀνεξέταστον.

622 3831 654 3882 ⁴)
685 3834 755 3874 Ad
785 3847 877 3874 rem
907 3833 1011 3875 ibid.
1043 3845 1086 3885 p.
1117 3829 1217 3872 563.
1251 3831 1410 3885 Georg.
1444 3833 1686 3884 trapezunt.
1705 3823 1824 3882 ’Ήδη
1856 3824 1944 3883 γάρ
1977 3825 2237 3874 φθάσαντες
2267 3822 2514 3881 εἰρήκαμεν,

444 3917 502 3949 ως
532 3906 726 3957 βασιλέα
759 3894 877 3946 εἶναι
908 3899 1054 3946 αὐτόν
1083 3904 1166 3957 τῆς
1197 3901 1438 3957 ἐκκλησίας.
1471 3896 1498 3941 o‘
1531 3901 1583 3940 δὲ
1614 3895 1826 3951 βασιλεῦς
1857 3894 1911 3939 οὐ
1932 3897 2220 3955 τυραννικῶς,
2253 3891 2366 3936 ἀλλὰ
2396 3889 2515 3935 κατὰ

444 3974 556 4025 τούς
584 3979 803 4026 τεθέντας
834 3977 966 4039 κοινῇ
993 3975 1162 4029 νόμους
1190 3974 1348 4019 πάντα
1379 3976 1509 4017 ποιεῖ
1517 3989 1531 4015 .·
1562 3973 1704 4031 „Nam
1723 3985 1856 4030 supra
1875 3972 2079 4024 diximus,
2099 3971 2244 4027 ipsum
2271 3967 2337 4011 uti
2364 3979 2514 4024 regem
