2626 4432
1056 185 1420 243 „35-

194 349 359 420 „Cum
395 348 610 402 Christo
649 348 926 417 imperium
953 347 1126 415 geriS,
1167 362 1285 400 cum
1317 344 1535 399 Christo
1575 362 1763 400 munus
1791 347 1895 401 hoc
1922 346 2285 400 administras,

191 441 282 499 Ab
321 445 415 497 illo
455 443 691 512 gladium
732 441 1017 510 accepisti,
1053 455 1159 494 non
1201 447 1306 494 tam
1349 447 1407 493 ut
1446 455 1511 493 eo
1539 442 1734 509 utariS,
1775 458 1933 509 quam
1973 448 2031 495 ut
2068 443 2285 494 mineris

191 543 246 590 et
283 543 506 591 terreas».
584 535 762 599 Quare
802 535 896 588 tibi
936 533 1221 587 videndum
1263 541 1374 600 est,
1420 540 1476 588 ut
1511 535 1655 587 illum
1696 541 1965 603 tamquam
2005 535 2284 589 donarium

192 632 464 700 quoddam
499 648 686 701 purum
727 636 782 683 et
819 631 1083 697 integrum
1123 630 1174 683 ei
1201 630 1288 697 qui
1330 628 1478 681 dedit
1518 645 1726 683 serveS.
1803 630 1990 698 Imago
2044 630 2143 683 Dei
2197 647 2283 683 es:

192 743 380 778 verum
407 725 506 778 Dei
533 740 744 793 quoque
772 725 991 792 imagini
1013 721 1032 754 1
1069 725 1329 793 imperas3
1369 740 1506 791 quae
1534 724 1748 791 quidem
1775 725 1863 778 hic
1890 731 2040 778 certa
2067 725 2285 794 dispen-

194 821 402 874 satione
440 821 798 887 gubernatur,
839 818 906 870 ad
948 818 1105 870 aliam
1145 825 1320 871 autem
1356 819 1519 870 vitam
1548 813 1570 847 2
1610 819 1832 886 migrat,
1867 818 1936 871 ad
1977 835 2135 886 quam
2173 834 2286 870 om-

193 929 290 967 nes
335 927 546 980 quoque
594 911 953 964 concedemus
1001 917 1193 978 postea
1244 927 1400 978 quam
1457 912 1511 962 in
1568 912 1673 965 hoc
1721 912 1866 964 vitae
1927 927 2149 965 carcere
2199 914 2288 965 vel

193 1006 368 1060 stadio
395 1006 484 1058 vel
510 1004 952 1074 praesignatione
977 1005 1066 1056 vel
1097 1004 1506 1056 adumbratione
1535 1004 1924 1072 aliquantisper
1950 1005 2283 1073 luserimuS.„

340 1119 425 1173 43.
450 1119 650 1172 Verum
675 1118 887 1172 abunde
913 1119 1016 1172 iam
1035 1125 1198 1188 patet,
1227 1134 1452 1186 quonam
1475 1136 1541 1171 ex
1563 1134 1685 1171 sese
1715 1121 1986 1187 pertineat
2011 1120 2286 1173 christiani

192 1215 450 1285 principis
490 1212 755 1275 officium,
814 1228 1028 1281 quoque
1069 1213 1244 1266 animo
1290 1213 1433 1265 idem
1473 1213 1698 1266 affectus
1752 1229 1873 1266 esse
1912 1213 2111 1267 debeat
2151 1232 2286 1282 erga

195 1308 396 1363 Christi
435 1308 719 1362 ecclesiam
747 1323 1127 1375 romanamque
1164 1308 1436 1360 unitatem.
1494 1306 1629 1359 lllud
1671 1313 1846 1359 tamen
1876 1325 1944 1359 ex
1974 1307 2165 1360 eodem
2198 1323 2288 1360 sa-

193 1403 374 1470 piente
403 1401 659 1470 theologo
685 1400 902 1454 Becano
930 1407 1181 1470 repetere
1201 1401 1483 1470 jubemur,
1524 1400 1667 1468 quod
1695 1401 1763 1453 de
1797 1401 2015 1469 adjecta
2042 1403 2289 1469 superius

194 1494 499 1548 conditione
549 1493 712 1548 docet
740 1491 776 1559 3,
815 1510 919 1562 qua
959 1495 1213 1563 princeps
1254 1497 1371 1548 sive
1412 1497 1635 1563 quaevis
1675 1496 1778 1548 alia
1819 1496 1992 1549 civilis
2030 1502 2290 1565 potestaS,

193 1588 420 1641 liberum
461 1588 684 1641 aliarum
724 1594 992 1642 sectarum
1043 1590 1241 1642 cultum
1280 1591 1542 1658 impedire
1583 1606 1688 1642 non
1728 1591 1925 1643 valeat.
2005 1590 2155 1644 Haec
2194 1608 2290 1643 au-

194 1689 300 1735 tem
340 1683 556 1735 statuit:
601 1682 868 1751 „Tametsi
906 1684 1159 1752 princeps
1200 1691 1292 1736 aut
1330 1686 1676 1753 magistratus
1706 1686 2003 1738 catholicus
2044 1685 2288 1738 omnibus

187 1776 366 1829 -modis
405 1776 666 1846 impedire
707 1777 903 1832 debeat
940 1778 1242 1831 libertatem
1276 1778 1580 1846 religioniS,
1631 1786 1688 1830 ut
1728 1778 1925 1831 dictum
1968 1785 2077 1847 est;
2124 1780 2169 1831 si
2209 1786 2290 1831 ta-

195 1886 318 1922 men
355 1870 410 1923 id
447 1871 630 1924 facere
680 1887 786 1925 non
836 1873 1008 1941 possit
1061 1873 1175 1925 sine
1223 1873 1468 1941 graviori
1512 1872 1848 1925 incommodo
1902 1874 2025 1925 boni
2077 1873 2293 1941 publici,

195 1970 378 2032 potest
425 1982 542 2018 eam
601 1966 865 2032 tolerare,
922 1983 1079 2034 quam
1133 1956 1323 2019 minus
1353 1967 1546 2018 malum
1609 1966 1678 2018 ad
1738 1966 2045 2019 evitandum
2104 1966 2291 2035 majuS‚

196 2058 339 2126 quod
378 2060 577 2128 alioqui
618 2067 952 2127 sequeretur.
1011 2061 1162 2114 Haec
1189 2062 1466 2114 conclusio
1495 2060 1751 2113 fundatur
1789 2061 1843 2112 in
1872 2061 1965 2113 illo
1994 2061 2291 2112 axiomate:

195 2151 279 2205 Ex
320 2153 528 2206 duobus
567 2153 721 2205 malis
761 2154 930 2206 minus
971 2154 1274 2222 eligendum
1306 2161 1416 2219 est,
1458 2156 1665 2208 scilicet
1693 2156 1737 2206 si
1777 2161 2058 2223 utrumque
2084 2155 2292 2207 evitare

194 2260 302 2298 non
340 2260 641 2314 possumus,
717 2245 787 2298 Et
824 2247 963 2299 ratio
1002 2255 1111 2314 est,
1152 2249 1276 2315 quia
1314 2249 1366 2300 in
1407 2249 1500 2300 tali
1543 2264 1672 2301 casu
1711 2248 1841 2300 illud
1888 2250 2058 2301 minus
2098 2249 2293 2300 malum

194 2354 301 2392 non
338 2339 555 2407 eligitur
592 2340 843 2408 praecise
882 2346 941 2392 ut
979 2342 1172 2394 malum
1214 2341 1484 2409 quoddam
1525 2350 1633 2410 est,
1675 2343 1772 2395 sed
1810 2349 1868 2396 ut
1909 2343 2137 2396 medium
2167 2343 2292 2395 utile

197 2435 265 2488 ad
305 2433 612 2487 evitandum
652 2434 827 2504 majus
866 2435 1086 2503 malum,
1143 2452 1208 2488 ac
1247 2437 1478 2505 proinde
1511 2438 1728 2505 eligitur
1769 2440 1866 2490 sub
1917 2439 2126 2491 ratione
2167 2438 2291 2490 boni

196 2528 356 2581 utilis,
432 2528 513 2581 lta
562 2529 795 2581 sentiunt
842 2530 1148 2596 gravissimi
1202 2531 1480 2583 authores:
1541 2531 1602 2583 D.
1644 2532 1892 2584 Thomas,
1942 2533 1992 2586 2.
2029 2532 2077 2584 2.
2126 2548 2174 2600 q.
2213 2533 2292 2586 10.

197 2639 244 2675 a.
281 2621 362 2677 11.
403 2623 492 2676 ubi
531 2639 599 2675 ex
632 2622 738 2675 hoc
776 2623 1042 2692 principio
1075 2626 1300 2693 probat,
1337 2626 1470 2678 ritus
1502 2627 1780 2693 gentilium
1816 2631 1870 2678 et
1896 2626 2293 2679 haereticorum

196 2717 418 2769 telerari
454 2730 619 2785 posse
658 2716 726 2768 ad
769 2717 941 2786 majus
967 2718 1307 2771 evitandum:
1349 2718 1593 2788 Cajetan.
1622 2720 1846 2789 ibidem,
1889 2719 2186 2789 Gregorius
2227 2721 2294 2773 de

196 2809 448 2864 Valentia
489 2818 612 2862 tom.
652 2809 740 2862 111.
789 2811 924 2880 disp.
969 2812 1014 2866 1.
1075 2829 1122 2879 q.
1168 2813 1248 2867 10.
1304 2831 1353 2882 p.
1395 2815 1443 2866 ¹7.
1498 2815 1704 2869 Molina
1754 2822 1816 2868 tr.
1857 2815 1920 2868 Π,
1977 2816 2044 2868 de
2075 2816 2204 2884 jure
2242 2821 2297 2867 et

190 2903 401 2973 justitia
439 2904 576 2972 disp.
619 2903 738 2959 335.
779 2911 831 2956 et
866 2906 955 2957 alii
994 2907 1192 2975 plures,
1271 2907 1551 2962 Consentit
1584 2909 1642 2962 D.
1683 2908 2020 2977 Augustinus
2058 2889 2186 2963 1111.
2226 2910 2294 2961 de

200 2997 387 3050 ordine
425 3014 468 3051 c.
509 2998 557 3051 4.
596 2998 659 3051 Ι).
702 2998 997 3067 Gregorius
1038 3001 1182 3069 apud
1210 3001 1522 3055 Gratianum
1563 3003 1681 3055 dist.
1717 3003 1794 3077 13.
1824 3021 1868 3057 c.
1908 3005 2093 3057 Nervi.
2144 3004 2295 3056 Idem

200 3077 548 3145 confirmatur
600 3109 669 3144 ex
720 3094 981 3161 parabola
1038 3096 1364 3148 zizaniorum
1416 3097 1605 3149 Matth.
1659 3097 1898 3150 X111....
1955 3098 2024 3150 de
2076 3114 2182 3166 qua
2235 3115 2295 3149 re

200 3185 423 3254 pulchre
464 3185 701 3254 disputat
738 3185 1087 3242 Maldonatus
1126 3190 1180 3241 in
1211 3190 1355 3243 illum
1396 3190 1621 3259 locum„

340 3316 432 3378 44.
460 3316 529 3370 Et
554 3317 691 3371 haec
717 3317 974 3372 hactenus
998 3337 1066 3372 ex
1090 3319 1326 3374 BecanO.
1374 3321 1720 3375 Maldonatus
1748 3338 1896 3389 vero,
1922 3322 1990 3374 ad
2013 3339 2169 3390 quem
2192 3324 2293 3377 iste
2314 3334 2600 3371 Maldonatus-

204 3500 269 3554 τῷ
295 3493 507 3539 δεδωκότι
538 3495 831 3554 φυλάσσοιτο.
897 3500 1041 3545 Εἰκών
1072 3495 1113 3546 εἶ
1140 3510 1222 3547 τοῦ
1253 3504 1340 3560 (al.
1373 3504 1534 3560 deest)
1566 3507 1697 3551 θεοῦ·
1737 3510 1812 3551 καὶ
1843 3506 1993 3555 εἰκόνα
2025 3506 2104 3553 διὰ
2135 3509 2294 3566 χειρὸς

206 3564 352 3628 ἄγεις,
398 3567 602 3614 ἐνταῦθα
645 3571 1015 3632 οἰκονομουμένην
1045 3578 1120 3619 καὶ
1152 3575 1270 3637 πρὸς
1300 3577 1399 3637 βίον
1431 3575 1566 3623 ἄλλον
1596 3583 1959 3640 μεθισταμένην,
2000 3583 2063 3633 εἰς
2094 3579 2145 3627 ὃν
2177 3580 2291 3627 πάν-

202 3657 274 3692 τες
303 3639 685 3701 μεταβησόμεθα,
714 3646 855 3706 μίκρα
886 3650 1126 3700 παίξαντες
1157 3648 1204 3692 ἐν
1234 3653 1301 3707 τῴ
1329 3655 1405 3707 τῆς
1436 3650 1551 3707 ζωῆς
1576 3649 1719 3710 τούτῳ
1751 3655 1838 3698 εἴτε
1869 3653 2177 3715 δεσμωτηρίῳ,
2209 3657 2293 3699 εἴτε

205 3715 401 3773 σταδίῳ,
433 3717 518 3760 εἴτε
548 3731 929 3778 προχαραγματι,
961 3722 1046 3764 εἴτε
1076 3719 1340 3780 σκιάσματι.

328 3789 345 3817 1
376 3788 503 3833 Haec
535 3789 698 3834 valent
730 3794 894 3835 contra
923 3793 1178 3848 potestatis
1210 3794 1414 3839 abusum.

328 3860 348 3888 ²
376 3861 535 3906 Finem
566 3862 761 3908 alterius
793 3863 918 3908 vitae
950 3864 1168 3924 princeps
1200 3868 1457 3919 saecularis
1490 3884 1581 3915 non
1611 3872 1750 3916 debet
1771 3871 1951 3929 quidem
1982 3888 2067 3918 sua
2091 3877 2296 3920 auctori-

207 3936 305 3979 tate
336 3948 616 3993 procurare,
648 3938 731 3982 sed
762 3950 909 3996 neque
942 3952 1045 3984 eum
1076 3940 1298 3998 impedire
1332 3942 1483 3987 debet.

327 4009 346 4039 3
375 4008 546 4054 Ibidem
576 4023 617 4054 n.
651 4012 720 4055 14.
