2626 4432
1230 111 1588 212 422-

388 330 710 382 voluntatem
747 324 972 389 Christi,
1027 286 1186 373 ufde
1225 323 1414 370 natura
1466 310 1732 365 ecclesiae
1779 306 2004 375 ejusque
2041 305 2248 371 indole,
2286 306 2457 359 forma

392 428 446 473 et
482 419 895 488 proprietatibus
934 417 1121 468 iustum
1159 411 1407 465 iudicium
1447 408 1664 459 feratur.

506 600 646 653 VlIl.
684 601 918 650 Romana
960 598 1131 648 unitas
1168 600 1243 647 esc
1281 596 1500 646 societas
1531 595 1662 645 iuris
1701 590 1963 644 naturalis
2002 587 2320 655 hypothetici.

190 744 219 779 ι.
531 727 613 780 29.
652 725 992 778 Scholion.
1043 722 1160 774 Non
1201 728 1492 791 propterea
1542 727 1717 773 tamen
1765 720 1855 789 jus
1903 698 2128 771 naturae
2178 718 2244 770 ab
2290 715 2455 783 juris-

35 796 372 883 ’ξρααῗιῖῗιῖιῑ-οἶωὲἱῖ
388 820 667 889 prudentia
706 818 1070 871 ecclesiastica
1109 817 1320 885 penitus
1358 816 1736 884 ablegandum,
1774 815 1930 866 immo
1957 812 2145 866 eodem
2175 818 2228 863 et
2257 824 2456 878 perop-

33 891 611 982 ‘'w‘'“g'ssfffflu‘portune
645 911 893 964 utendum
935 926 1225 963 censemus,
1292 909 1443 973 Quod
1482 916 1538 962 ut
1575 910 1930 977 intelligatur,
1971 905 2232 975 explicari
2271 903 2457 972 paucis

385 1006 544 1058 debet
589 1005 870 1057 discrimen
926 1004 1064 1055 inter
1106 1003 1197 1071 jus
1245 1009 1467 1055 naturae
1517 1003 1817 1055 absolutum
1881 1007 1932 1053 et
1989 999 2391 1068 hypotheticum
2423 991 2457 1048 ¹.

191 1150 226 1186 ²·
288 1208 293 1216 ἱ
527 1143 738 1210 Duplex
764 1143 941 1208 itaque
967 1141 1018 1193 in
1047 1139 1232 1193 ordine
1258 1140 1434 1192 ethico
1464 1145 1518 1191 et
1539 1139 1679 1207 juris
1707 1137 2041 1214 objectorum
2069 1151 2241 1204 genus
2268 1134 2456 1187 distin-

58 1200 345 1289 {iffsoiffllffe
388 1214 593 1303 guitur,
625 1226 847 1302 quorum*
883 1235 1104 1286 alterum
1144 1251 1208 1286 ea
1247 1233 1642 1301 complectitur,
1694 1248 1830 1298 quae
1879 1232 2198 1284 intrinsecus
2233 1228 2459 1280 honesta

387 1330 476 1381 vel
513 1329 791 1381 inhonesta
830 1336 974 1394 sunt,
1029 1344 1122 1381 seu
1162 1344 1297 1394 quae
1333 1327 1631 1379 honestatis
1670 1326 1759 1377 vel
1809 1323 2162 1378 inhonestatis
2215 1329 2456 1374 naturam

387 1421 530 1474 nullo
567 1421 690 1473 licet
728 1421 1003 1489 supposito
1042 1420 1307 1472 hominum
1345 1419 1491 1473 facto
1528 1426 1583 1471 et
1616 1418 1838 1471 induunt
1875 1425 1929 1470 et
1967 1418 2210 1469 retinent.

82 1610 162 1644 Jus
198 1557 372 1643 gamm
531 1557 612 1610 30.
641 1555 882 1609 Alterum
911 1573 976 1608 ea
993 1571 1087 1609 suo
1108 1557 1303 1609 ambitu
1332 1554 1751 1623 comprehendit,
1780 1571 1918 1621 quae
1942 1541 2151 1609 nonnisi
2179 1552 2458 1621 supposita

65 1659 371 1706 hypotheticum.
387 1651 555 1702 libera
606 1650 782 1716 aliqua
825 1648 1263 1700 determinatione
1323 1648 1547 1699 honesta
1602 1647 1690 1697 vel
1735 1646 2019 1698 inhonesta
2070 1644 2275 1697 censeri
2331 1658 2458 1711 pos-

387 1734 519 1794 sunt.
594 1741 863 1808 lntegrum
902 1757 971 1791 ex
1024 1740 1103 1791 rei
1151 1746 1340 1791 natura
1379 1739 1471 1792 tibi
1525 1746 1608 1791 est
1662 1746 1751 1791 tua
1810 1739 2042 1791 retinere
2095 1737 2306 1804 illisque
2357 1751 2458 1805 pro

387 1835 607 1887 arbitrio
646 1835 734 1886 uti.
787 1831 863 1885 At
901 1834 945 1884 si
983 1833 1152 1885 libere
1178 1839 1547 1900 paupertatem
1588 1833 1832 1897 voveriS,
1871 1840 2152 1898 utrumque
2188 1848 2257 1882 ex
2283 1830 2460 1898 hypo-

386 1925 522 1977 thesi
561 1925 894 1978 inhonestum
934 1923 1015 1991 fit,
1070 1930 1229 1990 atque
1282 1923 1400 1991 ipso
1445 1923 1571 1991 jure
1627 1929 1850 1975 naturae
1901 1924 2138 1976 vetitum.
2212 1922 2493 1988 Rursum,.

388 2019 615 2069 servitus
646 2016 774 2085 jure
812 2022 1033 2067 naturae
1071 2031 1175 2068 non
1216 2016 1490 2068 inducitur.
1541 2015 1654 2068 Sed
1691 2016 1779 2068 fac
1819 2016 2057 2083 legitimo
2092 2016 2271 2083 aliquo
2310 2015 2463 2068 titulo

387 2110 652 2162 inductam
692 2111 832 2160 illam
874 2126 1021 2175 esse,
1071 2111 1320 2162 continuo
1353 2109 1478 2177 jure
1516 2116 1739 2161 naturae
1777 2116 1928 2162 certa
1967 2109 2228 2176 quaedam
2284 2107 2465 2161 officia

389 2203 532 2254 heris
582 2210 740 2269 atque
790 2203 962 2253 servis
1003 2203 1451 2270 praescribuntur.
1530 2202 1767 2254 Tandem
1821 2203 2130 2271 provincias
2179 2218 2245 2256 ac
2292 2217 2467 2269 regna

389 2297 547 2348 certis
588 2295 741 2347 subdi
779 2294 1036 2361 dominiiS,
1068 2295 1160 2363 jus
1198 2303 1422 2348 naturae
1460 2313 1633 2364 neque
1672 2298 1842 2349 vetuit
1881 2313 2052 2363 neque
2088 2295 2466 2364 praescripsit:

391 2404 574 2441 verum
612 2390 747 2440 enim
784 2403 915 2440 vero
964 2389 1128 2440 semel
1181 2390 1283 2441 illis
1336 2390 1570 2457 legitime
1611 2391 1903 2458 possessiS,
1949 2391 2075 2460 jure
2114 2395 2339 2442 naturae
2379 2404 2466 2440 re-

397 2481 627 2532 tinentur
666 2486 823 2546 atque
864 2486 1162 2534 servantur.

39 2623 159 2658 Juris
179 2620 379 2657 reduc-tic.
538 2616 620 2669 31.
661 2616 807 2680 Quae
843 2618 1051 2685 prioris
1076 2624 1196 2670 sunt
1234 2618 1449 2685 generis
1488 2616 1556 2670 ad
1589 2617 1682 2685 jus
1710 2625 1934 2671 naturae
1962 2617 2290 2684 absolutum,
2328 2631 2466 2684 quae

396 2709 708 2775 posterioris
747 2709 814 2762 ad
845 2710 936 2779 jus
976 2718 1197 2764 naturae
1244 2712 1647 2780 hypotheticum
1684 2712 2005 2764 referuntur.
2074 2710 2343 2764 Videlicet
2373 2709 2468 2779 jus

399 2808 620 2853 naturae
651 2817 755 2854 non
797 2803 863 2855 de
902 2804 965 2856 iis
1006 2811 1205 2857 tantum
1244 2804 1502 2872 disponit,
1542 2821 1679 2872 quae
1717 2806 1850 2857 citra
1889 2805 2112 2857 liberam
2146 2804 2468 2858 determina-

400 2895 591 2947 tionem
633 2896 913 2960 exsistunt3
971 2897 1066 2949 sed
1116 2897 1182 2950 de
1218 2898 1281 2949 iis
1320 2899 1500 2966 etiam,
1567 2915 1704 2965 quae
1755 2899 1957 2952 liberae
2009 2899 2467 2952 determinationis

404 2995 575 3039 actum
617 2995 1034 3055 consequuntur,
1079 2995 1132 3039 et
1189 3005 1325 3055 quae
1376 2998 1666 3058 propterea
1703 2991 1907 3044 directe
1956 3009 2025 3043 ex
2064 2991 2191 3060 jure
2243 2995 2468 3044 naturae
2513 3047 2522 3054 .

405 3095 507 3132 non
543 3080 731 3148 fluunt,
771 3081 866 3132 sed
904 3081 1203 3146 reductive,
1242 3090 1299 3133 ut
1337 3082 1511 3151 ajunt,
1552 3091 1711 3151 atque
1750 3102 1818 3136 ex
1857 3084 2148 3153 hypothesi
2185 3083 2301 3137 sive
2338 3099 2468 3152 sup-

402 3174 666 3240 positione
691 3174 828 3241 juris
866 3176 1121 3227 naturalis
1159 3191 1278 3228 esse
1318 3184 1613 3229 censentur.

72 3313 260 3403 Εωιωξὰ
305 3376 386 3403 non
546 3310 629 3363 32.
653 3310 905 3363 Jamvero
922 3313 1284 3378 ecclesiastica
1301 3315 1530 3366 societas
1546 3331 1716 3382 neque
1733 3332 1880 3368 suam
1900 3315 2061 3369 debet
2078 3316 2335 3384 originem
2354 3315 2469 3384 juri

74 3419 387 3504 ειὶιᾶιιντεᾳίρεο-
402 3408 646 3469 naturae,
685 3420 857 3472 neque
895 3405 947 3457 in
987 3422 1044 3458 se
1083 3414 1326 3475 spectata
1357 3407 1483 3475 jure
1522 3414 1745 3461 naturae
1774 3408 2116 3478 praecipitur.
2192 3407 2293 3460 Est
2330 3408 2469 3460 enim

184 3478 370 3515 ’⁰⁰⁸²we'
402 3497 932 3564 societa8,positivae
969 3499 1334 3569 institutioniS,
1381 3507 1539 3568 atque
1576 3508 1794 3570 praeter
1829 3517 2037 3555 omnem
2069 3502 2209 3570 juris
2242 3507 2468 3554 naturae

518 3715 532 3742 ¹
565 3714 629 3757 De
661 3728 750 3771 qua
781 3714 1032 3772 partitione
1066 3720 1209 3773 agunt
1239 3717 1449 3773 pluribus
1491 3720 1626 3778 Hugo
1666 3721 1854 3765 Grotius
1895 3721 1951 3764 de
1977 3720 2090 3778 jure
2113 3719 2227 3764 belli
2257 3723 2305 3763 et
2335 3717 2464 3775 pacis

403 3785 432 3827 l.
466 3786 494 3827 l.
529 3799 625 3842 cap.
659 3788 688 3830 l.
721 3790 759 3841 §.
795 3789 862 3830 10.
893 3801 935 3830 n.
969 3789 1010 3829 [ι.
1057 3792 1161 3831 tum·
1187 3794 1350 3833 auctor
1382 3805 1637 3848 anonymus
1669 3793 2000 3849 principiorum
2029 3792 2154 3850 juris
2184 3791 2362 3848 publici
2394 3804 2469 3834 ec-

407 3855 655 3916 clesiastici
686 3858 1022 3903 catholicorum
1064 3858 1121 3902 ad
1172 3863 1339 3903 statum
1380 3862 1650 3909 Germaniae
1692 3863 2147 3910 accommodatorum
2194 3877 2293 3921 cap.
2329 3863 2465 3909 xvn.

406 3927 446 3978 §-
476 3926 528 3969 V.
560 3928 666 3971 coll.
698 3929 885 3975 Suares.
918 3931 974 3975 de
1004 3930 1145 3989 legib.
1180 3931 1209 3975 l.
1244 3931 1314 3977 111.
1346 3947 1384 3978 c.
1409 3937 1450 3979 4.
1482 3951 1522 3981 n.
1554 3939 1595 3981 6.
1626 3950 1664 3982 c.
1699 3940 1767 3982 12.
1798 3951 1871 3994 nn.
1909 3938 1960 3980 13
1991 3950 2088 3994 sqq.
