2626 4432
981 165 1343 225 „47-

118 335 490 396 communione
527 333 657 399 frui,
711 346 939 398 eumque
985 328 1169 382 colere
1218 331 1272 378 et
1320 325 1390 377 ad
1429 340 1712 391 summam,
1763 338 1902 390 quae
1949 322 2005 375 in
2050 338 2204 375 crea-

120 436 292 482 turam
331 426 567 480 conferri
606 430 814 494 potest,
852 423 1164 476 felicitatem
1204 419 1361 472 evehi
1397 436 1465 471 ex
1500 424 1691 471 natura
1720 421 2062 485 comparatus
2108 421 2205 467 est.

121 520 252 574 Cum
292 522 336 572 is
376 525 551 572 autem
591 523 646 569 et
683 533 867 569 veram
908 532 1041 583 erga
1080 514 1248 566 Deum
1287 512 1568 580 pietatem,
1609 515 1663 561 et
1701 525 1851 562 suam
1886 507 1941 558 in
1979 522 2044 559 eo
2074 509 2205 560 bea-

121 614 396 668 titudinem
435 611 707 680 neglectui
746 610 950 664 habere
987 609 1110 677 plus
1148 607 1309 659 nimio
1348 618 1653 674 propensus
1693 603 1792 669 sit3
1830 601 2070 669 inprimis
2110 618 2206 653 ne-

122 708 410 762 cessarium
446 711 554 774 est,
594 708 651 758 ut
687 704 876 756 harum
917 702 1073 754 etiam
1115 717 1293 754 rerum
1332 716 1463 752 cura
1495 698 1545 750 ei
1571 698 1850 751 habeatur.
1922 695 2073 748 Haec
2111 712 2206 748 au-

123 809 228 856 tem
267 799 534 853 ecclesiae
573 794 942 849 concreditur:
997 794 1081 846 cui
1121 797 1438 861 propterea,
1489 789 1667 858 quoad
1700 788 1818 857 ejus
1855 787 1976 840 fieri
2013 793 2208 856 potest,

123 912 321 950 cavere
357 890 638 957 incumbit,
688 894 747 939 ut
790 893 843 940 et
890 886 1100 939 debitus
1149 885 1265 937 Deo
1315 882 1664 951 omnipotenti
1703 882 1878 934 honor
1915 898 1949 933 a
1986 881 2209 949 singulis

121 988 465 1054 exhibeatur,
505 990 560 1036 et
595 983 698 1052 ipsi
730 996 982 1050 suprema
1019 979 1112 1031 illa
1153 978 1345 1044 quibus
1383 976 1497 1028 nati
1535 976 1647 1044 apti
1687 981 1809 1028 sunt
1843 974 2042 1043 'gaudia
2082 989 2210 1028 con-

123 1085 430 1149 sequantur.
505 1076 793 1144 Imperium
831 1074 995 1142 igitur
1027 1062 1264 1124 externis
1305 1075 1507 1122 tantum
1546 1069 1814 1121 hominum
1866 1083 2000 1135 erga
2032 1082 2091 1120 se
2128 1068 2210 1119 in-

125 1173 300 1235 yicem
335 1169 665 1241 actionibuS,
705 1165 938 1220 ecclesia
977 1163 1220 1217 omnibus
1260 1176 1443 1214 eorum
1484 1175 1616 1227 erga
1653 1160 1827 1227 ipsum
1855 1161 2013 1214 etiam
2042 1162 2211 1213 Deum

123 1265 365 1332 gestibus
430 1263 635 1315 inten'ta
692 1267 812 1314 est:
875 1258 1007 1312 illud
1074 1272 1334 1326 corpora,
1402 1258 1537 1308 haec
1596 1256 1800 1308 animas
1862 1255 2211 1308 administrat.

124 1357 435 1422 Christiani,
473 1357 672 1423 fateor,
712 1355 862 1408 cives
900 1352 1113 1420 utrique
1151 1350 1535 1419 subjiciuntur,
1588 1348 1683 1400 sed
1730 1349 1782 1401 ei
1832 1354 2098 1416 quatenus
2137 1350 2213 1402 ci-

123 1467 251 1518 veS,
289 1450 414 1518 huic
453 1448 714 1517 quatenus
753 1439 1051 1501 christiani:
1101 1461 1167 1498 ac
1205 1444 1338 1498 illud
1396 1443 1624 1512 proinde
1662 1444 1972 1512 praesentia
2011 1450 2215 1496 tantum

125 1544 268 1597 mala
305 1545 374 1598 ab
411 1543 477 1595 iis
517 1542 869 1610 propulsare,
917 1540 1055 1593 haec
1094 1546 1358 1608 perpetua
1396 1538 1461 1590 iis
1501 1540 1644 1591 bona
1683 1538 1978 1591 conciliare
2017 1538 2211 1591 studet.

124 1637 230 1692 Vel
265 1643 323 1690 ut
361 1637 654 1691 summatim
694 1635 893 1706 dicam,
939 1634 1218 1702 imperium
1257 1633 1506 1702 publicae
1549 1637 1750 1699 tantum
1803 1632 1857 1684 in
1914 1633 2074 1684 terris
2111 1632 2211 1685 ho-

127 1733 320 1786 minum
370 1731 563 1800 quieti,
616 1729 848 1783 ecclesia
880 1725 899 1760 ¹
955 1734 1210 1806 aeternae
1266 1729 1426 1780 etiam
1483 1727 1537 1779 in
1591 1726 1761 1780 coelis
1811 1742 1997 1781 eorum
2057 1727 2213 1780 saluti

51 1840 57 1843 “
127 1816 405 1895 consulit„
1501 1807 1513 1818 '

272 1980 356 2034 56.
395 1979 584 2060 Itaque
623 1978 773 2031 ratio
800 1977 1118 2030 discriminis
1157 1979 1297 2031 inter
1335 1982 1655 2047 potestatem
1684 1975 1916 2030 civitatis
1948 1980 2003 2028 et
2039 1974 2216 2027 eccle·
2387 1987 2428 2023 4.

129 2074 242 2127 siae
280 2089 388 2126 non
426 2090 496 2126 ex
547 2074 776 2140 subjecto
815 2073 1077 2139 obnoxi0,
1131 2074 1227 2125 sed
1277 2091 1345 2125 ex
1396 2072 1504 2125 fine
1565 2078 1727 2139 atque
1773 2071 2035 2138 effectibus
2068 2065 2090 2098 2
2130 2086 2216 2121 re·
2233 2040 2584 2129 ῗέἕέἶῖξωῖοἶιῖἶ

129 2168 344 2236 petitur.

255 2449 268 2476 ¹
295 2447 426 2501 Quae
460 2447 519 2490 ad
550 2445 954 2503 supernaturalem
993 2443 1222 2489 ecclesiae
1262 2444 1546 2500 potestatem
1579 2440 1772 2484 maxime
1813 2437 2063 2498 legiferam
2103 2440 2222 2485 eius-

134 2534 220 2579 que
252 2519 456 2564 habitum
490 2521 590 2578 quot
613 2531 726 2566 cum,
745 2522 983 2576 potestate
1015 2517 1290 2576 legislativa
1323 2516 1451 2573 civili
1482 2515 1683 2560 vincitur
1700 2519 1937 2573 spectant,
1971 2515 2223 2573 diligenter

136 2596 403 2652 pertractat
434 2592 624 2637 Suares.
658 2591 713 2634 de
744 2591 888 2650 legib.
920 2591 1048 2635 LIV.
1082 2604 1146 2635 cc.
1180 2591 1207 2635 8
1239 2604 1338 2648 sqq.

253 2666 385 2718 2>Ad
437 2678 532 2709 rem
581 2665 757 2709 Suares
810 2664 892 2721 (de
935 2665 1119 2723 legibus
1166 2664 1244 2709 lib.
1280 2665 1349 2708 lll.
1398 2678 1500 2723 cap.
1537 2668 1604 2708 11.
1647 2679 1690 2709 n.
1722 2666 1791 2721 7.)
1838 2664 1958 2708 hanc
1998 2664 2224 2721 proponit
2240 2683 2412 2719 Suares.

136 2739 325 2786 thesim:
373 2742 587 2796 potestas
635 2738 786 2782 civilis
811 2772 822 2781 .
848 2773 856 2782 .
883 2773 891 2781 .
925 2738 972 2782 in
1003 2751 1123 2795 pura
1153 2742 1323 2782 natura
1353 2742 1571 2796 spectata
1600 2752 1694 2782 non
1726 2739 1870 2783 habet
1913 2752 2003 2796 pro
2035 2735 2126 2782 fine
2156 2737 2224 2782 in-

96 2813 362 2874 ‚,trinseco,
407 2816 454 2856 et
498 2825 584 2869 per
625 2825 676 2856 se
716 2811 896 2856 intento
943 2810 1220 2856 felicitatem
1259 2812 1523 2856 naturalem
1564 2812 1692 2856 vitae
1741 2809 1952 2866 futurae,
1999 2810 2092 2855 imo
2138 2823 2225 2853 nec

133 2886 373 2944 propriam
404 2884 676 2930 felicitatem
707 2886 834 2930 vitae
853 2874 1135 2943 praesentis,
1169 2889 1395 2942 quatenus
1418 2886 1477 2929 ad
1502 2884 1714 2943 singulos
1740 2885 1964 2940 homines,
1997 2889 2049 2929 ut
2079 2883 2225 2942 parti-

141 2957 325 3002 culares
356 2970 588 3014 personae
622 2960 765 3012 sunt„
784 2958 1020 3014 pertinere
1051 2961 1236 3015 potest;
1266 2959 1348 3003 sed
1381 2961 1484 3018 ejus
1517 2956 1622 3003 finis
1655 2962 1727 3003 est
1758 2958 1964 3003 felicitas
1995 2957 2224 3002 naturalis

137 3029 480 3076 communitatis
512 3030 737 3073 humanae
768 3028 1028 3086 perfectae,
1063 3031 1196 3090 cujus
1229 3045 1386 3077 curam
1417 3033 1562 3091 gerit,
1595 3037 1642 3078 et
1673 3033 1964 3091 singulorum
1994 3031 2225 3076 hominum

137 3109 187 3149 ut
217 3108 324 3149 sunt
352 3103 558 3153 membra
591 3103 701 3148 talis
734 3105 1099 3161 communitatis,
1137 3109 1189 3150 ut
1228 3106 1276 3149 in
1308 3121 1362 3151 ea
1395 3107 1578 3152 scilicet
1622 3107 1669 3150 in
1698 3119 1816 3164 pace
1859 3109 1907 3150 et
1936 3104 2127 3164 justitia
2159 3104 2225 3147 vi-

137 3181 273 3233 vant,
306 3180 354 3220 et
385 3189 486 3220 cum
518 3174 798 3221 sufficientia
829 3178 1086 3234 bonorum,
1118 3192 1236 3236 quae
1268 3181 1329 3224 ad
1359 3181 1489 3225 vitae
1518 3179 1785 3238 corporalis
1818 3177 2226 3223 conservationem

138 3254 185 3314 et
216 3249 589 3295 commoditatem
621 3253 855 3306 spectant,
897 3255 944 3294 et
985 3264 1084 3296 cum
1128 3266 1184 3296 ea
1215 3254 1454 3310 probitate
1495 3267 1693 3309 morum,
1735 3265 1854 3310 quae
1893 3252 1953 3296 ad
1994 3253 2115 3294 hanc
2151 3264 2227 3294 ex-

141 3327 515 3381 ternampacem
553 3327 600 3368 et
639 3322 912 3368 felicitatem
951 3324 1266 3382 reipublicae,
1317 3331 1367 3371 'et
1407 3326 1719 3371 continentem
1763 3326 1992 3369 humanae
2029 3326 2226 3368 naturae

142 3401 567 3457 conservationem,
599 3401 869 3444 necessaria
899 3404 1013 3458 est.„
1076 3401 1192 3445 Huic
1223 3403 1376 3444 autem
1409 3399 1530 3443 thesi
1574 3396 1711 3443 fidem
1754 3397 1974 3442 conciliat
2013 3397 2225 3454 pluribus

141 3473 185 3517 b.
218 3474 422 3518 Thomae
454 3475 734 3519 testimoniis
767 3476 906 3531 (122.
939 3489 981 3531 q.
1014 3476 1086 3518 90.
1115 3478 1205 3518 art.
1235 3476 1275 3517 2.
1309 3487 1351 3530 q.
1383 3475 1453 3517 95.
1494 3477 1583 3517 art.
1617 3473 1744 3515 1-4,
1785 3485 1826 3528 q.
1860 3471 1931 3513 96.
1973 3472 2061 3513 art.
2091 3471 2285 3525 2-3,8‚
2314 3487 2503 3524 Thomas.

141 3561 184 3604 q.
214 3548 285 3590 99.
317 3550 406 3591 art.
437 3548 519 3602 3.),
550 3540 716 3604 quibus
748 3547 910 3600 docet,
954 3544 1090 3591 finem
1121 3547 1422 3591 humanarum
1451 3546 1608 3604 legum
1633 3558 1740 3589 esse
1780 3556 2021 3588 commune
2053 3542 2225 3587 bonum

141 3619 366 3675 civitatiS,
391 3619 708 3676 ,humanisque
740 3620 924 3677 legibus
971 3620 1282 3664 ea-duntaxat
1311 3619 1554 3676 prohiberi
1585 3631 1642 3662 ac
1685 3616 1919 3675 praecipi,
1967 3627 2087 3672 quae
2118 3614 2226 3658 huic

140 3689 222 3736 fini
257 3695 571 3736 consentanea
601 3691 859 3736 videantur.
920 3692 1033 3735 Tum
1065 3692 1293 3736 rationem
1324 3691 1454 3735 addit
1486 3705 1543 3734 ex
1572 3691 1677 3747 ipsa
1717 3689 1788 3733 rei
1818 3692 1987 3732 natura
2016 3686 2224 3743 petitam,

98 3760 101 3763 ’
142 3778 262 3822 quae
293 3767 365 3808 est
394 3763 672 3824 hujusmodi.
735 3764 894 3808 Civilis
925 3768 1138 3821 potestas
1169 3764 1276 3807 ideo
1310 3777 1338 3806 a
1369 3764 1468 3807 Deo
1503 3760 1765 3816 confertur,
1803 3761 1912 3818 quia
1942 3760 2146 3818 exigitur
2165 3760 2224 3804 ab
2243 3772 2587 3818 eivitespotesta-

143 3837 342 3880 humana
372 3839 562 3893 natura,
594 3839 821 3892 quatenus
853 3836 1044 3880 socialis
1077 3839 1171 3892 est,
1205 3841 1343 3894 atque
1376 3850 1433 3880 ex
1463 3835 1634 3880 nativis
1658 3834 2030 3892 proprietatibus
2061 3834 2121 3878 ad
2151 3846 2227 3878 so·
2307 3825 2364 3861 εἷθ’
2391 3825 2523 3870 ⁰r2'90·

144 3907 360 3953 cietatem
392 3909 647 3953 ordinatur.
709 3909 802 3954 Sed
831 3912 1047 3965 potestas
1095 3909 1281 3954 extendi
1318 3909 1461 3953 latius
1500 3922 1594 3953 non
1634 3911 1794 3966 potest
1834 3906 2069 3965 exigentia
2106 3906 2227 3964 ipsa,

146 3982 278 4044 cujus
311 3981 468 4041 gratia
506 3981 755 4031 tribuitur:
802 3983 918 4027 haec
959 3982 1078 4027 enim
1108 3981 1236 4028 illius
1267 3981 1415 4027 veluti
1462 3994 1604 4027 causa
1648 3981 1817 4026 haberi
1861 3983 2033 4038 potest.
2093 3980 2225 4040 Ergo
