<?xml version="1.0" encoding="UTF-8"?>
<!DOCTYPE html PUBLIC "-//W3C//DTD XHTML 1.0 Transitional//EN"
    "http://www.w3.org/TR/xhtml1/DTD/xhtml1-transitional.dtd">
<html xmlns="http://www.w3.org/1999/xhtml" xml:lang="en" lang="en">
 <head>
  <title>
</title>
<meta http-equiv="Content-Type" content="text/html;charset=utf-8" />
  <meta name='ocr-system' content='tesseract 3.04.00' />
  <meta name='ocr-capabilities' content='ocr_page ocr_carea ocr_par ocr_line ocrx_word'/>
</head>
<body>
  <div class='ocr_page' id='page_1' title='image "a607958700schruoft_0234.png"; bbox 0 0 2716 4446; ppageno 0'>
   <div class='ocr_carea' id='block_1_1' title="bbox 217 555 430 597">
    <p class='ocr_par' dir='ltr' id='par_1_1' title="bbox 217 555 430 597">
     <span class='ocr_line' id='line_1_1' title="bbox 217 555 430 597; baseline 0.014 -11"><span class='ocrx_word' id='word_1_1' title='bbox 217 555 308 587; x_wconf 79' lang='lat' dir='ltr'><strong>Mali</strong></span> <span class='ocrx_word' id='word_1_2' title='bbox 321 556 430 597; x_wconf 73' lang='lat' dir='ltr'><strong>orz‘qo.</strong></span> 
     </span>
    </p>
   </div>
   <div class='ocr_carea' id='block_1_2' title="bbox 1381 140 1730 246">
    <p class='ocr_par' dir='ltr' id='par_1_2' title="bbox 1381 140 1730 246">
     <span class='ocr_line' id='line_1_2' title="bbox 1381 140 1730 246; baseline -0.006 -11"><span class='ocrx_word' id='word_1_3' title='bbox 1381 140 1730 246; x_wconf 59' lang='lat' dir='ltr'><strong>„nr-4</strong></span> 
     </span>
    </p>
   </div>
   <div class='ocr_carea' id='block_1_3' title="bbox 513 332 2590 500">
    <p class='ocr_par' dir='ltr' id='par_1_3' title="bbox 513 332 2590 500">
     <span class='ocr_line' id='line_1_3' title="bbox 513 332 2590 409; baseline 0.001 -19"><span class='ocrx_word' id='word_1_4' title='bbox 513 332 960 407; x_wconf 88' lang='lat' dir='ltr'><strong>negotiabuntur:</strong></span> <span class='ocrx_word' id='word_1_5' title='bbox 1001 335 1200 407; x_wconf 89' lang='lat' dir='ltr'><strong>quibus</strong></span> <span class='ocrx_word' id='word_1_6' title='bbox 1237 337 1501 391; x_wconf 86' lang='lat' dir='ltr'><strong>iudicium</strong></span> <span class='ocrx_word' id='word_1_7' title='bbox 1538 337 1648 390; x_wconf 88' lang='lat' dir='ltr'><strong>iam</strong></span> <span class='ocrx_word' id='word_1_8' title='bbox 1687 335 1818 389; x_wconf 90' lang='lat' dir='ltr'><strong>olim</strong></span> <span class='ocrx_word' id='word_1_9' title='bbox 1857 354 1965 389; x_wconf 91' lang='lat' dir='ltr'><strong>non</strong></span> <span class='ocrx_word' id='word_1_10' title='bbox 2004 343 2210 390; x_wconf 89' lang='lat' dir='ltr'><strong>cessat:</strong></span> <span class='ocrx_word' id='word_1_11' title='bbox 2268 344 2322 391; x_wconf 85' lang='lat' dir='ltr'><strong>et</strong></span> <span class='ocrx_word' id='word_1_12' title='bbox 2358 332 2590 409; x_wconf 72' lang='lat' dir='ltr'><strong>perditio</strong></span> 
     </span>
     <span class='ocr_line' id='line_1_4' title="bbox 513 429 1191 500; baseline 0.001 -17"><span class='ocrx_word' id='word_1_13' title='bbox 513 449 699 483; x_wconf 92' lang='lat' dir='ltr'><strong>eorum</strong></span> <span class='ocrx_word' id='word_1_14' title='bbox 735 449 847 483; x_wconf 88' lang='lat' dir='ltr'><strong>non</strong></span> <span class='ocrx_word' id='word_1_15' title='bbox 886 429 1191 500; x_wconf 63' lang='lat' dir='ltr'><strong>dormitat„</strong></span> 
     </span>
    </p>
   </div>
   <div class='ocr_carea' id='block_1_4' title="bbox 681 515 2626 596">
    <p class='ocr_par' dir='ltr' id='par_1_4' title="bbox 681 515 2626 596">
     <span class='ocr_line' id='line_1_5' title="bbox 681 515 2626 596; baseline 0.001 -20"><span class='ocrx_word' id='word_1_16' title='bbox 681 524 731 579; x_wconf 83' lang='lat'><strong>5.</strong></span> <span class='ocrx_word' id='word_1_17' title='bbox 773 523 928 590; x_wconf 76' lang='lat' dir='ltr'><strong>Quae</strong></span> <span class='ocrx_word' id='word_1_18' title='bbox 967 523 1189 594; x_wconf 85' lang='lat' dir='ltr'><strong>quidem</strong></span> <span class='ocrx_word' id='word_1_19' title='bbox 1227 526 1311 577; x_wconf 91' lang='lat' dir='ltr'><strong>uti</strong></span> <span class='ocrx_word' id='word_1_20' title='bbox 1349 525 1670 596; x_wconf 85' lang='lat' dir='ltr'><strong>plenissima</strong></span> <span class='ocrx_word' id='word_1_21' title='bbox 1707 523 1936 577; x_wconf 86' lang='lat' dir='ltr'><strong>veritate</strong></span> <span class='ocrx_word' id='word_1_22' title='bbox 1966 523 2447 594; x_wconf 86' lang='lat' dir='ltr'><strong>deprehenduntur</strong></span> <span class='ocrx_word' id='word_1_23' title='bbox 2480 515 2626 579; x_wconf 37' lang='lat' dir='ltr'><strong>iam·</strong></span> 
     </span>
    </p>
   </div>
   <div class='ocr_carea' id='block_1_5' title="bbox 505 616 2588 878">
    <p class='ocr_par' dir='ltr' id='par_1_5' title="bbox 505 616 2588 878">
     <span class='ocr_line' id='line_1_6' title="bbox 509 616 2588 689; baseline 0 -18"><span class='ocrx_word' id='word_1_24' title='bbox 509 616 747 688; x_wconf 85' lang='lat' dir='ltr'><strong>expleta,</strong></span> <span class='ocrx_word' id='word_1_25' title='bbox 790 617 935 688; x_wconf 88' lang='lat' dir='ltr'><strong>quod</strong></span> <span class='ocrx_word' id='word_1_26' title='bbox 975 617 1044 670; x_wconf 87' lang='lat' dir='ltr'><strong>ad.</strong></span> <span class='ocrx_word' id='word_1_27' title='bbox 1094 637 1246 671; x_wconf 79' lang='lat' dir='ltr'><strong>ream</strong></span> <span class='ocrx_word' id='word_1_28' title='bbox 1286 620 1548 689; x_wconf 87' lang='lat' dir='ltr'><strong>emptoris</strong></span> <span class='ocrx_word' id='word_1_29' title='bbox 1588 619 1761 671; x_wconf 81' lang='lat' dir='ltr'>nostri</span> <span class='ocrx_word' id='word_1_30' title='bbox 1787 617 2012 671; x_wconf 90' lang='lat' dir='ltr'>Domini</span> <span class='ocrx_word' id='word_1_31' title='bbox 2050 619 2398 689; x_wconf 89' lang='lat' dir='ltr'><strong>negationem</strong></span> <span class='ocrx_word' id='word_1_32' title='bbox 2437 637 2588 689; x_wconf 84' lang='lat' dir='ltr'><strong>spec-</strong></span> 
     </span>
     <span class='ocr_line' id='line_1_7' title="bbox 505 712 2588 790; baseline 0.001 -26"><span class='ocrx_word' id='word_1_33' title='bbox 505 719 610 764; x_wconf 89' lang='lat' dir='ltr'><strong>tat:</strong></span> <span class='ocrx_word' id='word_1_34' title='bbox 649 712 726 764; x_wconf 89' lang='lat' dir='ltr'><strong>ita</strong></span> <span class='ocrx_word' id='word_1_35' title='bbox 764 729 872 763; x_wconf 90' lang='lat' dir='ltr'><strong>non</strong></span> <span class='ocrx_word' id='word_1_36' title='bbox 911 712 1092 764; x_wconf 83' lang='lat' dir='ltr'><strong>tardat</strong></span> <span class='ocrx_word' id='word_1_37' title='bbox 1129 712 1363 782; x_wconf 79' lang='lat' dir='ltr'>perditio</span> <span class='ocrx_word' id='word_1_38' title='bbox 1403 720 1567 784; x_wconf 89' lang='lat' dir='ltr'><strong>atque</strong></span> <span class='ocrx_word' id='word_1_39' title='bbox 1607 713 1794 780; x_wconf 83' lang='lat' dir='ltr'><strong>ruina3</strong></span> <span class='ocrx_word' id='word_1_40' title='bbox 1835 730 1975 783; x_wconf 88' lang='lat' dir='ltr'><strong>quae</strong></span> <span class='ocrx_word' id='word_1_41' title='bbox 2013 712 2258 790; x_wconf 87' lang='lat' dir='ltr'><strong>profecto</strong></span> <span class='ocrx_word' id='word_1_42' title='bbox 2301 720 2588 784; x_wconf 81' lang='lat' dir='ltr'><strong>postquam</strong></span> 
     </span>
     <span class='ocr_line' id='line_1_8' title="bbox 509 806 2588 878; baseline 0.001 -21"><span class='ocrx_word' id='word_1_43' title='bbox 509 806 862 877; x_wconf 81' lang='lat' dir='ltr'><strong>„mysterium</strong></span> <span class='ocrx_word' id='word_1_44' title='bbox 890 806 932 878; x_wconf 90' lang='lat'><strong>1)</strong></span> <span class='ocrx_word' id='word_1_45' title='bbox 971 807 1311 878; x_wconf 79' lang='lat' dir='ltr'><strong>iniquitatiS„</strong></span> <span class='ocrx_word' id='word_1_46' title='bbox 1355 826 1455 878; x_wconf 91' lang='lat' dir='ltr'><strong>per</strong></span> <span class='ocrx_word' id='word_1_47' title='bbox 1505 814 1584 860; x_wconf 91' lang='lat' dir='ltr'><strong>tot</strong></span> <span class='ocrx_word' id='word_1_48' title='bbox 1623 806 1843 859; x_wconf 88' lang='lat' dir='ltr'><strong>saecula</strong></span> <span class='ocrx_word' id='word_1_49' title='bbox 1879 825 2053 877; x_wconf 89' lang='lat' dir='ltr'><strong>usque</strong></span> <span class='ocrx_word' id='word_1_50' title='bbox 2091 806 2270 859; x_wconf 84' lang='lat' dir='ltr'><strong>adhuc</strong></span> <span class='ocrx_word' id='word_1_51' title='bbox 2307 814 2588 878; x_wconf 84' lang='lat' dir='ltr'><strong>operatum</strong></span> 
     </span>
    </p>
   </div>
   <div class='ocr_carea' id='block_1_6' title="bbox 167 899 2586 972">
    <p class='ocr_par' dir='ltr' id='par_1_6' title="bbox 167 899 2586 972">
     <span class='ocr_line' id='line_1_9' title="bbox 167 899 2586 972; baseline -0.001 -16"><span class='ocrx_word' id='word_1_52' title='bbox 167 908 601 968; x_wconf 59' lang='lat' dir='ltr'><strong>ffleqw.naztanz.est‚</strong></span> <span class='ocrx_word' id='word_1_53' title='bbox 642 900 812 954; x_wconf 90' lang='lat' dir='ltr'><strong>multo</strong></span> <span class='ocrx_word' id='word_1_54' title='bbox 863 901 1037 952; x_wconf 89' lang='lat' dir='ltr'><strong>maior</strong></span> <span class='ocrx_word' id='word_1_55' title='bbox 1093 919 1156 953; x_wconf 89' lang='lat' dir='ltr'><strong>ac</strong></span> <span class='ocrx_word' id='word_1_56' title='bbox 1207 900 1474 953; x_wconf 82' lang='lat' dir='ltr'><strong>funestior</strong></span> <span class='ocrx_word' id='word_1_57' title='bbox 1528 919 1754 954; x_wconf 90' lang='lat' dir='ltr'><strong>necesse</strong></span> <span class='ocrx_word' id='word_1_58' title='bbox 1813 907 1896 953; x_wconf 89' lang='lat' dir='ltr'><strong>est</strong></span> <span class='ocrx_word' id='word_1_59' title='bbox 1935 899 2032 953; x_wconf 86' lang='lat' dir='ltr'><strong>illa</strong></span> <span class='ocrx_word' id='word_1_60' title='bbox 2090 902 2173 969; x_wconf 81' lang='lat' dir='ltr'><strong>sit,</strong></span> <span class='ocrx_word' id='word_1_61' title='bbox 2233 919 2395 972; x_wconf 86' lang='lat' dir='ltr'><strong>quam</strong></span> <span class='ocrx_word' id='word_1_62' title='bbox 2435 919 2586 972; x_wconf 84' lang='lat' dir='ltr'><strong>spec-</strong></span> 
     </span>
    </p>
   </div>
   <div class='ocr_carea' id='block_1_7' title="bbox 167 1562 457 1603">
    <p class='ocr_par' dir='ltr' id='par_1_7' title="bbox 167 1562 457 1603">
     <span class='ocr_line' id='line_1_10' title="bbox 167 1562 457 1603; baseline 0.003 -9"><span class='ocrx_word' id='word_1_63' title='bbox 167 1562 344 1595; x_wconf 69' lang='lat' dir='ltr'><strong>Novitatie</strong></span> <span class='ocrx_word' id='word_1_64' title='bbox 368 1572 457 1603; x_wconf 77' lang='lat' dir='ltr'><strong>pru·</strong></span> 
     </span>
    </p>
   </div>
   <div class='ocr_carea' id='block_1_8' title="bbox 257 1607 361 1641">
    <p class='ocr_par' dir='ltr' id='par_1_8' title="bbox 257 1607 361 1641">
     <span class='ocr_line' id='line_1_11' title="bbox 257 1607 361 1641; baseline 0.029 -3"><span class='ocrx_word' id='word_1_65' title='bbox 257 1607 361 1641; x_wconf 71' lang='lat' dir='ltr'><strong>ritus.</strong></span> 
     </span>
    </p>
   </div>
   <div class='ocr_carea' id='block_1_9' title="bbox 153 2223 454 2261">
    <p class='ocr_par' dir='ltr' id='par_1_9' title="bbox 153 2223 454 2261">
     <span class='ocr_line' id='line_1_12' title="bbox 153 2223 454 2261; baseline 0.013 -5"><span class='ocrx_word' id='word_1_66' title='bbox 153 2223 243 2257; x_wconf 75' lang='lat' dir='ltr'><strong>Actt.</strong></span> <span class='ocrx_word' id='word_1_67' title='bbox 263 2225 383 2261; x_wconf 86' lang='lat' dir='ltr'><strong><em>XVII.</em></strong></span> <span class='ocrx_word' id='word_1_68' title='bbox 399 2226 454 2260; x_wconf 83' lang='lat'><strong>21.</strong></span> 
     </span>
    </p>
   </div>
   <div class='ocr_carea' id='block_1_10' title="bbox 179 2701 423 2738">
    <p class='ocr_par' dir='ltr' id='par_1_10' title="bbox 179 2701 423 2738">
     <span class='ocr_line' id='line_1_13' title="bbox 179 2701 423 2738; baseline 0.016 -4"><span class='ocrx_word' id='word_1_69' title='bbox 179 2701 214 2737; x_wconf 79' lang='grc' dir='ltr'><strong>Ι.</strong></span> <span class='ocrx_word' id='word_1_70' title='bbox 242 2701 332 2738; x_wconf 80' lang='lat' dir='ltr'><strong>Tim.</strong></span> <span class='ocrx_word' id='word_1_71' title='bbox 361 2702 423 2738; x_wconf 82' lang='lat' dir='ltr'><strong>VI.</strong></span> 
     </span>
    </p>
   </div>
   <div class='ocr_carea' id='block_1_11' title="bbox 501 993 2586 1067">
    <p class='ocr_par' dir='ltr' id='par_1_11' title="bbox 501 993 2586 1067">
     <span class='ocr_line' id='line_1_14' title="bbox 501 993 2586 1067; baseline 0 -21"><span class='ocrx_word' id='word_1_72' title='bbox 501 1001 614 1047; x_wconf 90' lang='lat' dir='ltr'><strong>tato</strong></span> <span class='ocrx_word' id='word_1_73' title='bbox 673 993 863 1047; x_wconf 85' lang='lat' dir='ltr'><strong>ordine</strong></span> <span class='ocrx_word' id='word_1_74' title='bbox 922 993 1054 1047; x_wconf 86' lang='lat' dir='ltr'><strong>fidei</strong></span> <span class='ocrx_word' id='word_1_75' title='bbox 1110 1012 1176 1047; x_wconf 91' lang='lat' dir='ltr'><strong>ac</strong></span> <span class='ocrx_word' id='word_1_76' title='bbox 1235 995 1497 1047; x_wconf 82' lang='lat' dir='ltr'><strong>scientiae</strong></span> <span class='ocrx_word' id='word_1_77' title='bbox 1555 1012 1787 1064; x_wconf 89' lang='lat' dir='ltr'><strong>magnus</strong></span> <span class='ocrx_word' id='word_1_78' title='bbox 1847 993 2164 1062; x_wconf 87' lang='lat' dir='ltr'><strong>describens</strong></span> <span class='ocrx_word' id='word_1_79' title='bbox 2219 996 2586 1067; x_wconf 77' lang='lat' dir='ltr'><strong>nazianzenus</strong></span> 
     </span>
    </p>
   </div>
   <div class='ocr_carea' id='block_1_12' title="bbox 500 1084 2626 1159">
    <p class='ocr_par' dir='ltr' id='par_1_12' title="bbox 500 1084 2626 1159">
     <span class='ocr_line' id='line_1_15' title="bbox 500 1084 2626 1159; baseline 0 -18"><span class='ocrx_word' id='word_1_80' title='bbox 500 1087 787 1158; x_wconf 89' lang='lat' dir='ltr'><strong>theologus</strong></span> <span class='ocrx_word' id='word_1_81' title='bbox 813 1090 857 1159; x_wconf 71' lang='lat'><strong>2)</strong></span> <span class='ocrx_word' id='word_1_82' title='bbox 912 1087 1240 1141; x_wconf 88' lang='lat' dir='ltr'><strong>lamentatur</strong></span> <span class='ocrx_word' id='word_1_83' title='bbox 1291 1106 1356 1140; x_wconf 86' lang='lat' dir='ltr'><strong>ac</strong></span> <span class='ocrx_word' id='word_1_84' title='bbox 1412 1086 1600 1142; x_wconf 82' lang='lat' dir='ltr'><strong>deflet:</strong></span> <span class='ocrx_word' id='word_1_85' title='bbox 1659 1087 1823 1157; x_wconf 86' lang='lat' dir='ltr'><strong>„Fuit</strong></span> <span class='ocrx_word' id='word_1_86' title='bbox 1861 1087 2135 1158; x_wconf 89' lang='lat' dir='ltr'><strong>quondam</strong></span> <span class='ocrx_word' id='word_1_87' title='bbox 2173 1095 2403 1159; x_wconf 89' lang='lat' dir='ltr'><strong>tempus,</strong></span> <span class='ocrx_word' id='word_1_88' title='bbox 2461 1084 2626 1142; x_wconf 14' lang='lat' dir='ltr'><strong>cumi</strong></span> 
     </span>
    </p>
   </div>
   <div class='ocr_carea' id='block_1_13' title="bbox 499 1180 2584 1348">
    <p class='ocr_par' dir='ltr' id='par_1_13' title="bbox 499 1180 2584 1348">
     <span class='ocr_line' id='line_1_16' title="bbox 499 1180 2584 1252; baseline -0 -16"><span class='ocrx_word' id='word_1_89' title='bbox 499 1202 587 1236; x_wconf 88' lang='lat' dir='ltr'><strong>res</strong></span> <span class='ocrx_word' id='word_1_90' title='bbox 644 1191 861 1236; x_wconf 88' lang='lat' dir='ltr'><strong>nostrae</strong></span> <span class='ocrx_word' id='word_1_91' title='bbox 918 1180 1190 1250; x_wconf 82' lang='lat' dir='ltr'><strong>florerent,</strong></span> <span class='ocrx_word' id='word_1_92' title='bbox 1249 1200 1315 1234; x_wconf 91' lang='lat' dir='ltr'><strong>ac</strong></span> <span class='ocrx_word' id='word_1_93' title='bbox 1369 1180 1649 1252; x_wconf 88' lang='lat' dir='ltr'><strong>praeclare</strong></span> <span class='ocrx_word' id='word_1_94' title='bbox 1709 1200 1766 1234; x_wconf 87' lang='lat' dir='ltr'><strong>se</strong></span> <span class='ocrx_word' id='word_1_95' title='bbox 1824 1180 2103 1250; x_wconf 83' lang='lat' dir='ltr'><strong>haberent,</strong></span> <span class='ocrx_word' id='word_1_96' title='bbox 2163 1200 2284 1235; x_wconf 89' lang='lat' dir='ltr'><strong>cum</strong></span> <span class='ocrx_word' id='word_1_97' title='bbox 2330 1182 2584 1235; x_wconf 87' lang='lat' dir='ltr'><strong>nimirum</strong></span> 
     </span>
     <span class='ocr_line' id='line_1_17' title="bbox 502 1275 2583 1348; baseline -0 -18"><span class='ocrx_word' id='word_1_98' title='bbox 502 1276 779 1348; x_wconf 89' lang='lat' dir='ltr'><strong>superflua</strong></span> <span class='ocrx_word' id='word_1_99' title='bbox 842 1277 1013 1342; x_wconf 90' lang='lat' dir='ltr'><strong>haec,</strong></span> <span class='ocrx_word' id='word_1_100' title='bbox 1086 1285 1140 1329; x_wconf 91' lang='lat' dir='ltr'><strong>et</strong></span> <span class='ocrx_word' id='word_1_101' title='bbox 1197 1275 1489 1329; x_wconf 86' lang='lat' dir='ltr'><strong>verborum</strong></span> <span class='ocrx_word' id='word_1_102' title='bbox 1552 1275 1738 1346; x_wconf 89' lang='lat' dir='ltr'><strong>lepore</strong></span> <span class='ocrx_word' id='word_1_103' title='bbox 1803 1283 1966 1347; x_wconf 89' lang='lat' dir='ltr'><strong>atque</strong></span> <span class='ocrx_word' id='word_1_104' title='bbox 2029 1285 2143 1329; x_wconf 87' lang='lat' dir='ltr'><strong>arte</strong></span> <span class='ocrx_word' id='word_1_105' title='bbox 2204 1275 2386 1328; x_wconf 87' lang='lat' dir='ltr'><strong>fucata</strong></span> <span class='ocrx_word' id='word_1_106' title='bbox 2446 1283 2583 1329; x_wconf 88' lang='lat' dir='ltr'><strong>trac-</strong></span> 
     </span>
    </p>
   </div>
   <div class='ocr_carea' id='block_1_14' title="bbox 499 1369 2631 1441">
    <p class='ocr_par' dir='ltr' id='par_1_14' title="bbox 499 1369 2631 1441">
     <span class='ocr_line' id='line_1_18' title="bbox 499 1369 2631 1441; baseline -0.001 -17"><span class='ocrx_word' id='word_1_107' title='bbox 499 1372 697 1424; x_wconf 83' lang='lat' dir='ltr'><strong>tandae</strong></span> <span class='ocrx_word' id='word_1_108' title='bbox 762 1371 1071 1441; x_wconf 82' lang='lat' dir='ltr'><strong>theologiae</strong></span> <span class='ocrx_word' id='word_1_109' title='bbox 1133 1372 1287 1439; x_wconf 82' lang='lat' dir='ltr'><strong>ratio,</strong></span> <span class='ocrx_word' id='word_1_110' title='bbox 1346 1370 1416 1422; x_wconf 86' lang='lat' dir='ltr'><strong>ad</strong></span> <span class='ocrx_word' id='word_1_111' title='bbox 1473 1369 1687 1423; x_wconf 85' lang='lat' dir='ltr'><strong>divinas</strong></span> <span class='ocrx_word' id='word_1_112' title='bbox 1745 1369 1930 1422; x_wconf 88' lang='lat' dir='ltr'><strong>caulas</strong></span> <span class='ocrx_word' id='word_1_113' title='bbox 1986 1388 2055 1423; x_wconf 92' lang='lat' dir='ltr'><strong>ne</strong></span> <span class='ocrx_word' id='word_1_114' title='bbox 2107 1369 2312 1423; x_wconf 87' lang='lat' dir='ltr'><strong>aditum</strong></span> <span class='ocrx_word' id='word_1_115' title='bbox 2363 1369 2583 1441; x_wconf 86' lang='lat' dir='ltr'><strong>quidem</strong></span> <span class='ocrx_word' id='word_1_116' title='bbox 2626 1369 2631 1370; x_wconf 42' lang='lat'><em>⁷</em></span> 
     </span>
    </p>
   </div>
   <div class='ocr_carea' id='block_1_15' title="bbox 498 1458 2581 1532">
    <p class='ocr_par' dir='ltr' id='par_1_15' title="bbox 498 1458 2581 1532">
     <span class='ocr_line' id='line_1_19' title="bbox 498 1458 2581 1532; baseline -0.001 -13"><span class='ocrx_word' id='word_1_117' title='bbox 498 1466 763 1519; x_wconf 87' lang='lat' dir='ltr'><strong>habebat:</strong></span> <span class='ocrx_word' id='word_1_118' title='bbox 811 1484 1019 1518; x_wconf 72' lang='lat' dir='ltr'><strong>verum</strong></span> <span class='ocrx_word' id='word_1_119' title='bbox 1082 1465 1227 1518; x_wconf 89' lang='lat' dir='ltr'><strong>idem</strong></span> <span class='ocrx_word' id='word_1_120' title='bbox 1291 1474 1408 1518; x_wconf 88' lang='lat' dir='ltr'><strong>erat</strong></span> <span class='ocrx_word' id='word_1_121' title='bbox 1470 1464 1695 1517; x_wconf 87' lang='lat' dir='ltr'><strong>calculis</strong></span> <span class='ocrx_word' id='word_1_122' title='bbox 1756 1463 1980 1532; x_wconf 84' lang='lat' dir='ltr'><strong>ludere,</strong></span> <span class='ocrx_word' id='word_1_123' title='bbox 2057 1458 2382 1516; x_wconf 86' lang='lat' dir='ltr'><strong>inversionis</strong></span> <span class='ocrx_word' id='word_1_124' title='bbox 2442 1462 2581 1517; x_wconf 85' lang='lat' dir='ltr'><strong>cele-</strong></span> 
     </span>
    </p>
   </div>
   <div class='ocr_carea' id='block_1_16' title="bbox 496 1555 2651 1628">
    <p class='ocr_par' dir='ltr' id='par_1_16' title="bbox 496 1555 2651 1628">
     <span class='ocr_line' id='line_1_20' title="bbox 496 1555 2651 1628; baseline -0.001 -17"><span class='ocrx_word' id='word_1_125' title='bbox 496 1560 657 1613; x_wconf 89' lang='lat' dir='ltr'><strong>ritate</strong></span> <span class='ocrx_word' id='word_1_126' title='bbox 715 1558 994 1612; x_wconf 89' lang='lat' dir='ltr'><strong>oculorum</strong></span> <span class='ocrx_word' id='word_1_127' title='bbox 1046 1559 1295 1612; x_wconf 91' lang='lat' dir='ltr'><strong>obtutum</strong></span> <span class='ocrx_word' id='word_1_128' title='bbox 1350 1558 1681 1626; x_wconf 79' lang='lat' dir='ltr'><strong>fallentibus,</strong></span> <span class='ocrx_word' id='word_1_129' title='bbox 1741 1566 1835 1611; x_wconf 83' lang='lat' dir='ltr'><strong>aut</strong></span> <span class='ocrx_word' id='word_1_130' title='bbox 1890 1557 2194 1628; x_wconf 88' lang='lat' dir='ltr'><strong>omnigenis</strong></span> <span class='ocrx_word' id='word_1_131' title='bbox 2253 1564 2307 1610; x_wconf 92' lang='lat' dir='ltr'><strong>et</strong></span> <span class='ocrx_word' id='word_1_132' title='bbox 2347 1555 2580 1620; x_wconf 15' lang='lat' dir='ltr'><strong>*lascivis</strong></span> <span class='ocrx_word' id='word_1_133' title='bbox 2647 1598 2651 1600; x_wconf 46' lang='lat'>&gt;</span> 
     </span>
    </p>
   </div>
   <div class='ocr_carea' id='block_1_17' title="bbox 497 1649 2580 1723">
    <p class='ocr_par' dir='ltr' id='par_1_17' title="bbox 497 1649 2580 1723">
     <span class='ocr_line' id='line_1_21' title="bbox 497 1649 2580 1723; baseline -0.001 -19"><span class='ocrx_word' id='word_1_134' title='bbox 497 1654 741 1723; x_wconf 86' lang='lat' dir='ltr'><strong>corporis</strong></span> <span class='ocrx_word' id='word_1_135' title='bbox 790 1652 1030 1705; x_wconf 87' lang='lat' dir='ltr'><strong>flexibus</strong></span> <span class='ocrx_word' id='word_1_136' title='bbox 1090 1660 1424 1723; x_wconf 84' lang='lat' dir='ltr'><strong>spectatores</strong></span> <span class='ocrx_word' id='word_1_137' title='bbox 1482 1650 1769 1719; x_wconf 82' lang='lat' dir='ltr'><strong>ludificari,</strong></span> <span class='ocrx_word' id='word_1_138' title='bbox 1828 1650 1974 1722; x_wconf 84' lang='lat' dir='ltr'><strong>quod</strong></span> <span class='ocrx_word' id='word_1_139' title='bbox 2028 1652 2160 1704; x_wconf 83' lang='lat' dir='ltr'><strong>novi</strong></span> <span class='ocrx_word' id='word_1_140' title='bbox 2199 1649 2477 1722; x_wconf 88' lang='lat' dir='ltr'><strong>quidpiam</strong></span> <span class='ocrx_word' id='word_1_141' title='bbox 2515 1667 2580 1702; x_wconf 90' lang='lat' dir='ltr'><strong>ac</strong></span> 
     </span>
    </p>
   </div>
   <div class='ocr_carea' id='block_1_18' title="bbox 497 1744 2707 1816">
    <p class='ocr_par' dir='ltr' id='par_1_18' title="bbox 497 1744 2707 1816">
     <span class='ocr_line' id='line_1_22' title="bbox 497 1744 2707 1816; baseline -0.002 -16"><span class='ocrx_word' id='word_1_142' title='bbox 497 1748 698 1800; x_wconf 91' lang='lat' dir='ltr'><strong>curiosi</strong></span> <span class='ocrx_word' id='word_1_143' title='bbox 737 1746 803 1799; x_wconf 86' lang='lat' dir='ltr'><strong>de</strong></span> <span class='ocrx_word' id='word_1_144' title='bbox 843 1746 963 1800; x_wconf 92' lang='lat' dir='ltr'><strong>Deo</strong></span> <span class='ocrx_word' id='word_1_145' title='bbox 1022 1746 1114 1800; x_wconf 88' lang='lat' dir='ltr'><strong>vel</strong></span> <span class='ocrx_word' id='word_1_146' title='bbox 1153 1746 1334 1800; x_wconf 84' lang='lat' dir='ltr'><strong>dicere</strong></span> <span class='ocrx_word' id='word_1_147' title='bbox 1373 1745 1466 1799; x_wconf 89' lang='lat' dir='ltr'><strong>vel</strong></span> <span class='ocrx_word' id='word_1_148' title='bbox 1503 1745 1726 1798; x_wconf 74' lang='lat' dir='ltr'><strong>audire³</strong></span> <span class='ocrx_word' id='word_1_149' title='bbox 1786 1744 2024 1816; x_wconf 85' lang='lat' dir='ltr'><strong>simplex</strong></span> <span class='ocrx_word' id='word_1_150' title='bbox 2061 1753 2250 1797; x_wconf 87' lang='lat' dir='ltr'><strong>contra</strong></span> <span class='ocrx_word' id='word_1_151' title='bbox 2286 1745 2578 1814; x_wconf 88' lang='lat' dir='ltr'><strong>ingenuus·</strong></span> <span class='ocrx_word' id='word_1_152' title='bbox 2646 1796 2650 1798; x_wconf 72' lang='grc'><em>,</em></span> <span class='ocrx_word' id='word_1_153' title='bbox 2704 1762 2707 1763; x_wconf 65' lang='grc'>’</span> 
     </span>
    </p>
   </div>
   <div class='ocr_carea' id='block_1_19' title="bbox 496 1837 2577 2006">
    <p class='ocr_par' dir='ltr' id='par_1_19' title="bbox 496 1837 2577 2006">
     <span class='ocr_line' id='line_1_23' title="bbox 497 1837 2577 1913; baseline -0.002 -20"><span class='ocrx_word' id='word_1_154' title='bbox 497 1858 602 1913; x_wconf 91' lang='lat' dir='ltr'><strong>que</strong></span> <span class='ocrx_word' id='word_1_155' title='bbox 637 1859 813 1893; x_wconf 91' lang='lat' dir='ltr'><strong>sermo</strong></span> <span class='ocrx_word' id='word_1_156' title='bbox 855 1850 1017 1911; x_wconf 91' lang='lat' dir='ltr'><strong>atque</strong></span> <span class='ocrx_word' id='word_1_157' title='bbox 1058 1840 1320 1907; x_wconf 79' lang='lat' dir='ltr'><strong>doctrina,</strong></span> <span class='ocrx_word' id='word_1_158' title='bbox 1382 1840 1558 1910; x_wconf 84' lang='lat' dir='ltr'><strong>pietas</strong></span> <span class='ocrx_word' id='word_1_159' title='bbox 1615 1837 2035 1892; x_wconf 86' lang='lat' dir='ltr'><strong>existimabatur</strong></span> <span class='ocrx_word' id='word_1_160' title='bbox 2110 1837 2316 1891; x_wconf 89' lang='lat' dir='ltr'><strong>Verum</strong></span> <span class='ocrx_word' id='word_1_161' title='bbox 2365 1844 2577 1907; x_wconf 88' lang='lat' dir='ltr'><strong>postea-</strong></span> 
     </span>
     <span class='ocr_line' id='line_1_24' title="bbox 496 1929 2575 2006; baseline -0.002 -19"><span class='ocrx_word' id='word_1_162' title='bbox 496 1954 657 2006; x_wconf 90' lang='lat' dir='ltr'><strong>quam</strong></span> <span class='ocrx_word' id='word_1_163' title='bbox 697 1934 852 1988; x_wconf 84' lang='lat' dir='ltr'><strong>Sexti</strong></span> <span class='ocrx_word' id='word_1_164' title='bbox 890 1944 944 1988; x_wconf 92' lang='lat' dir='ltr'><strong>et</strong></span> <span class='ocrx_word' id='word_1_165' title='bbox 967 1935 1292 2006; x_wconf 81' lang='lat' dir='ltr'><strong>PyrrhoneS‚</strong></span> <span class='ocrx_word' id='word_1_166' title='bbox 1334 1942 1388 1987; x_wconf 91' lang='lat' dir='ltr'><strong>et</strong></span> <span class='ocrx_word' id='word_1_167' title='bbox 1426 1933 1836 2004; x_wconf 80' lang='lat' dir='ltr'><strong>contradicendi</strong></span> <span class='ocrx_word' id='word_1_168' title='bbox 1861 1931 2090 2002; x_wconf 85' lang='lat' dir='ltr'><strong>libidine</strong></span> <span class='ocrx_word' id='word_1_169' title='bbox 2118 1933 2344 1983; x_wconf 86' lang='lat' dir='ltr'><strong>incitata</strong></span> <span class='ocrx_word' id='word_1_170' title='bbox 2369 1929 2575 2000; x_wconf 89' lang='lat' dir='ltr'><strong>lingua,</strong></span> 
     </span>
    </p>
   </div>
   <div class='ocr_carea' id='block_1_20' title="bbox 494 2024 2576 2100">
    <p class='ocr_par' dir='ltr' id='par_1_20' title="bbox 494 2019 2716 2100">
     <span class='ocr_line' id='line_1_25' title="bbox 494 2024 2576 2100; baseline -0.003 -18"><span class='ocrx_word' id='word_1_171' title='bbox 494 2028 646 2082; x_wconf 83' lang='lat' dir='ltr'><strong>velut</strong></span> <span class='ocrx_word' id='word_1_172' title='bbox 684 2030 868 2098; x_wconf 88' lang='lat' dir='ltr'><strong>gravis</strong></span> <span class='ocrx_word' id='word_1_173' title='bbox 926 2028 1147 2100; x_wconf 83' lang='lat' dir='ltr'><strong>quidam</strong></span> <span class='ocrx_word' id='word_1_174' title='bbox 1206 2047 1270 2080; x_wconf 92' lang='lat' dir='ltr'><strong>ac</strong></span> <span class='ocrx_word' id='word_1_175' title='bbox 1325 2027 1596 2097; x_wconf 89' lang='lat' dir='ltr'><strong>malignus</strong></span> <span class='ocrx_word' id='word_1_176' title='bbox 1653 2026 1890 2095; x_wconf 76' lang='lat' dir='ltr'><strong>morbuS‚</strong></span> <span class='ocrx_word' id='word_1_177' title='bbox 1948 2027 2006 2078; x_wconf 90' lang='lat' dir='ltr'><strong>in</strong></span> <span class='ocrx_word' id='word_1_178' title='bbox 2057 2024 2318 2078; x_wconf 86' lang='lat' dir='ltr'><strong>ecclesias</strong></span> <span class='ocrx_word' id='word_1_179' title='bbox 2363 2032 2576 2077; x_wconf 86' lang='lat' dir='ltr'><strong>nostras</strong></span> 
     </span>
    </p>
   </div>
   <div class='ocr_carea' id='block_1_21' title="bbox 489 2119 2577 2662">
    <p class='ocr_par' dir='ltr' id='par_1_21' title="bbox 489 2119 2577 2662">
     <span class='ocr_line' id='line_1_26' title="bbox 493 2119 2575 2192; baseline -0.002 -18"><span class='ocrx_word' id='word_1_180' title='bbox 493 2141 692 2192; x_wconf 89' lang='lat' dir='ltr'><strong>magno</strong></span> <span class='ocrx_word' id='word_1_181' title='bbox 756 2131 938 2176; x_wconf 90' lang='lat' dir='ltr'><strong>nostro</strong></span> <span class='ocrx_word' id='word_1_182' title='bbox 1004 2122 1146 2175; x_wconf 88' lang='lat' dir='ltr'><strong>malo</strong></span> <span class='ocrx_word' id='word_1_183' title='bbox 1201 2124 1550 2192; x_wconf 87' lang='lat' dir='ltr'><strong>irrepserunt,</strong></span> <span class='ocrx_word' id='word_1_184' title='bbox 1614 2128 1669 2173; x_wconf 86' lang='lat' dir='ltr'><strong>et</strong></span> <span class='ocrx_word' id='word_1_185' title='bbox 1720 2121 2007 2191; x_wconf 86' lang='lat' dir='ltr'><strong>nugacitas</strong></span> <span class='ocrx_word' id='word_1_186' title='bbox 2070 2119 2348 2172; x_wconf 86' lang='lat' dir='ltr'><strong>doctrinae</strong></span> <span class='ocrx_word' id='word_1_187' title='bbox 2409 2119 2575 2189; x_wconf 81' lang='lat' dir='ltr'><strong>atque</strong></span> 
     </span>
     <span class='ocr_line' id='line_1_27' title="bbox 494 2211 2574 2286; baseline -0.001 -19"><span class='ocrx_word' id='word_1_188' title='bbox 494 2215 814 2268; x_wconf 89' lang='lat' dir='ltr'><strong>eruditionis</strong></span> <span class='ocrx_word' id='word_1_189' title='bbox 854 2216 1164 2286; x_wconf 82' lang='lat' dir='ltr'><strong>opinionem</strong></span> <span class='ocrx_word' id='word_1_190' title='bbox 1203 2214 1340 2283; x_wconf 87' lang='lat' dir='ltr'><strong>tulit,</strong></span> <span class='ocrx_word' id='word_1_191' title='bbox 1378 2215 1661 2286; x_wconf 79' lang='lat' dir='ltr'><strong>(quodque</strong></span> <span class='ocrx_word' id='word_1_192' title='bbox 1700 2213 1939 2267; x_wconf 88' lang='lat' dir='ltr'><strong>Actuum</strong></span> <span class='ocrx_word' id='word_1_193' title='bbox 1993 2212 2134 2266; x_wconf 91' lang='lat' dir='ltr'><strong>liber</strong></span> <span class='ocrx_word' id='word_1_194' title='bbox 2171 2212 2239 2265; x_wconf 86' lang='lat' dir='ltr'><strong>de</strong></span> <span class='ocrx_word' id='word_1_195' title='bbox 2278 2211 2574 2266; x_wconf 85' lang='lat' dir='ltr'><strong>Athenien—</strong></span> 
     </span>
     <span class='ocr_line' id='line_1_28' title="bbox 494 2305 2577 2382; baseline -0.002 -20"><span class='ocrx_word' id='word_1_196' title='bbox 494 2309 645 2363; x_wconf 90' lang='lat' dir='ltr'><strong>sibus</strong></span> <span class='ocrx_word' id='word_1_197' title='bbox 685 2309 891 2382; x_wconf 86' lang='lat' dir='ltr'><strong>narrat)</strong></span> <span class='ocrx_word' id='word_1_198' title='bbox 933 2309 1003 2362; x_wconf 88' lang='lat' dir='ltr'><strong>ad</strong></span> <span class='ocrx_word' id='word_1_199' title='bbox 1041 2308 1178 2362; x_wconf 92' lang='lat' dir='ltr'><strong>nihil</strong></span> <span class='ocrx_word' id='word_1_200' title='bbox 1215 2309 1365 2361; x_wconf 89' lang='lat' dir='ltr'><strong>aliud</strong></span> <span class='ocrx_word' id='word_1_201' title='bbox 1402 2328 1679 2377; x_wconf 79' lang='lat' dir='ltr'><strong>vacamuS‚</strong></span> <span class='ocrx_word' id='word_1_202' title='bbox 1720 2327 1883 2379; x_wconf 91' lang='lat' dir='ltr'><strong>quam</strong></span> <span class='ocrx_word' id='word_1_203' title='bbox 1919 2314 1979 2361; x_wconf 93' lang='lat' dir='ltr'><strong>ut</strong></span> <span class='ocrx_word' id='word_1_204' title='bbox 2014 2308 2144 2360; x_wconf 87' lang='lat' dir='ltr'><strong>novi</strong></span> <span class='ocrx_word' id='word_1_205' title='bbox 2182 2305 2391 2378; x_wconf 84' lang='lat' dir='ltr'><strong>aliquid</strong></span> <span class='ocrx_word' id='word_1_206' title='bbox 2427 2305 2577 2358; x_wconf 68' lang='lat' dir='ltr'><strong>dica-v</strong></span> 
     </span>
     <span class='ocr_line' id='line_1_29' title="bbox 490 2398 2572 2475; baseline -0.002 -18"><span class='ocrx_word' id='word_1_207' title='bbox 490 2423 612 2457; x_wconf 90' lang='lat' dir='ltr'><strong>mus</strong></span> <span class='ocrx_word' id='word_1_208' title='bbox 651 2404 742 2457; x_wconf 88' lang='lat' dir='ltr'><strong>vel</strong></span> <span class='ocrx_word' id='word_1_209' title='bbox 781 2404 1096 2457; x_wconf 76' lang='lat' dir='ltr'><strong>audiamuS.</strong></span> <span class='ocrx_word' id='word_1_210' title='bbox 1138 2402 1186 2457; x_wconf 90' lang='lat' dir='ltr'>O</span> <span class='ocrx_word' id='word_1_211' title='bbox 1228 2405 1348 2475; x_wconf 89' lang='lat' dir='ltr'><strong>quis</strong></span> <span class='ocrx_word' id='word_1_212' title='bbox 1387 2403 1658 2456; x_wconf 87' lang='lat' dir='ltr'><strong>Jeremias</strong></span> <span class='ocrx_word' id='word_1_213' title='bbox 1698 2403 2072 2455; x_wconf 82' lang='lat' dir='ltr'><strong>confusionem</strong></span> <span class='ocrx_word' id='word_1_214' title='bbox 2109 2410 2349 2455; x_wconf 88' lang='lat' dir='ltr'><strong>nostram</strong></span> <span class='ocrx_word' id='word_1_215' title='bbox 2389 2398 2572 2470; x_wconf 81' lang='lat' dir='ltr'><strong>caligi-</strong></span> 
     </span>
     <span class='ocr_line' id='line_1_30' title="bbox 489 2494 2570 2570; baseline -0.002 -19"><span class='ocrx_word' id='word_1_216' title='bbox 489 2518 725 2570; x_wconf 89' lang='lat' dir='ltr'><strong>nemque</strong></span> <span class='ocrx_word' id='word_1_217' title='bbox 766 2498 1102 2569; x_wconf 74' lang='lat' dir='ltr'><strong>deplorabitl</strong></span> <span class='ocrx_word' id='word_1_218' title='bbox 1154 2498 1281 2568; x_wconf 90' lang='lat' dir='ltr'><strong>Ipse</strong></span> <span class='ocrx_word' id='word_1_219' title='bbox 1321 2497 1468 2550; x_wconf 87' lang='lat' dir='ltr'><strong>solus</strong></span> <span class='ocrx_word' id='word_1_220' title='bbox 1501 2497 1926 2550; x_wconf 88' lang='lat' dir='ltr'><strong>lamentationes</strong></span> <span class='ocrx_word' id='word_1_221' title='bbox 1965 2494 2370 2548; x_wconf 85' lang='lat' dir='ltr'><strong>calamitatibus</strong></span> <span class='ocrx_word' id='word_1_222' title='bbox 2409 2511 2570 2548; x_wconf 86' lang='lat' dir='ltr'><strong>exae-</strong></span> 
     </span>
     <span class='ocr_line' id='line_1_31' title="bbox 493 2586 2568 2662; baseline -0.002 -18"><span class='ocrx_word' id='word_1_223' title='bbox 493 2611 662 2662; x_wconf 88' lang='lat' dir='ltr'><strong>quarc</strong></span> <span class='ocrx_word' id='word_1_224' title='bbox 699 2595 903 2661; x_wconf 85' lang='lat' dir='ltr'><strong>novit„</strong></span> <span class='ocrx_word' id='word_1_225' title='bbox 947 2592 1216 2645; x_wconf 85' lang='lat' dir='ltr'><strong>Perversa</strong></span> <span class='ocrx_word' id='word_1_226' title='bbox 1253 2592 1509 2644; x_wconf 91' lang='lat' dir='ltr'><strong>nimirum</strong></span> <span class='ocrx_word' id='word_1_227' title='bbox 1549 2599 1603 2644; x_wconf 90' lang='lat' dir='ltr'><strong>et</strong></span> <span class='ocrx_word' id='word_1_228' title='bbox 1639 2590 1867 2661; x_wconf 86' lang='lat' dir='ltr'><strong>profana</strong></span> <span class='ocrx_word' id='word_1_229' title='bbox 1903 2590 2117 2642; x_wconf 87' lang='lat' dir='ltr'><strong>novitas</strong></span> <span class='ocrx_word' id='word_1_230' title='bbox 2143 2597 2332 2642; x_wconf 90' lang='lat' dir='ltr'><strong>contra</strong></span> <span class='ocrx_word' id='word_1_231' title='bbox 2354 2586 2568 2659; x_wconf 84' lang='lat' dir='ltr'><strong>Pauli³)</strong></span> 
     </span>
    </p>
   </div>
   <div class='ocr_carea' id='block_1_22' title="bbox 489 2682 2568 2759">
    <p class='ocr_par' dir='ltr' id='par_1_22' title="bbox 489 2682 2568 2759">
     <span class='ocr_line' id='line_1_32' title="bbox 489 2682 2568 2759; baseline -0.002 -20"><span class='ocrx_word' id='word_1_232' title='bbox 489 2695 844 2759; x_wconf 89' lang='lat' dir='ltr'><strong>praeceptum</strong></span> <span class='ocrx_word' id='word_1_233' title='bbox 891 2687 1054 2739; x_wconf 87' lang='lat' dir='ltr'><strong>nimis</strong></span> <span class='ocrx_word' id='word_1_234' title='bbox 1102 2704 1267 2757; x_wconf 89' lang='lat' dir='ltr'><strong>quam</strong></span> <span class='ocrx_word' id='word_1_235' title='bbox 1316 2704 1417 2756; x_wconf 89' lang='lat' dir='ltr'><strong>par</strong></span> <span class='ocrx_word' id='word_1_236' title='bbox 1456 2692 1539 2738; x_wconf 90' lang='lat' dir='ltr'><strong>est</strong></span> <span class='ocrx_word' id='word_1_237' title='bbox 1576 2685 1819 2738; x_wconf 86' lang='lat' dir='ltr'><strong>curiosos</strong></span> <span class='ocrx_word' id='word_1_238' title='bbox 1860 2685 1939 2737; x_wconf 86' lang='lat' dir='ltr'><strong>sic</strong></span> <span class='ocrx_word' id='word_1_239' title='bbox 1977 2682 2195 2753; x_wconf 88' lang='lat' dir='ltr'><strong>abripit,</strong></span> <span class='ocrx_word' id='word_1_240' title='bbox 2258 2691 2318 2736; x_wconf 88' lang='lat' dir='ltr'><strong>ut</strong></span> <span class='ocrx_word' id='word_1_241' title='bbox 2354 2683 2568 2753; x_wconf 77' lang='lat' dir='ltr'><strong>opposi-</strong></span> 
     </span>
    </p>
   </div>
   <div class='ocr_carea' id='block_1_23' title="bbox 487 2968 2570 3252">
    <p class='ocr_par' dir='ltr' id='par_1_23' title="bbox 665 2968 2434 3034">
     <span class='ocr_line' id='line_1_33' title="bbox 665 2968 2434 3034; baseline -0.005 -12"><span class='ocrx_word' id='word_1_242' title='bbox 665 2981 701 3034; x_wconf 89' lang='lat'><strong>¹)</strong></span> <span class='ocrx_word' id='word_1_243' title='bbox 731 2980 792 3025; x_wconf 86' lang='lat'><strong>11.</strong></span> <span class='ocrx_word' id='word_1_244' title='bbox 824 2978 1023 3020; x_wconf 84' lang='lat' dir='ltr'><strong>Thessal.</strong></span> <span class='ocrx_word' id='word_1_245' title='bbox 1054 2977 1117 3022; x_wconf 76' lang='lat'><strong>11.</strong></span> <span class='ocrx_word' id='word_1_246' title='bbox 1151 2975 1190 3020; x_wconf 81' lang='grc'><strong>7.</strong></span> <span class='ocrx_word' id='word_1_247' title='bbox 1227 2973 1290 3018; x_wconf 72' lang='lat' dir='ltr'><strong>To</strong></span> <span class='ocrx_word' id='word_1_248' title='bbox 1323 2992 1411 3033; x_wconf 83' lang='grc' dir='ltr'><strong>γαρ</strong></span> <span class='ocrx_word' id='word_1_249' title='bbox 1441 2972 1690 3032; x_wconf 84' lang='grc' dir='ltr'><em>μυστήριον</em></span> <span class='ocrx_word' id='word_1_250' title='bbox 1721 2968 1809 3029; x_wconf 77' lang='grc' dir='ltr'><strong>ἤδη</strong></span> <span class='ocrx_word' id='word_1_251' title='bbox 1843 2973 2087 3030; x_wconf 75' lang='grc' dir='ltr'><strong><em>ἐνεργεῖται</em></strong></span> <span class='ocrx_word' id='word_1_252' title='bbox 2118 2972 2199 3028; x_wconf 83' lang='grc' dir='ltr'><strong>τῆς</strong></span> <span class='ocrx_word' id='word_1_253' title='bbox 2229 2968 2434 3022; x_wconf 74' lang='grc' dir='ltr'><em>ἀνομίας.</em></span> 
     </span>
    </p>

    <p class='ocr_par' dir='ltr' id='par_1_24' title="bbox 487 3037 2565 3252">
     <span class='ocr_line' id='line_1_34' title="bbox 664 3037 2565 3106; baseline -0.005 -11"><span class='ocrx_word' id='word_1_254' title='bbox 664 3055 699 3106; x_wconf 69' lang='grc'><strong>2)</strong></span> <span class='ocrx_word' id='word_1_255' title='bbox 732 3054 806 3096; x_wconf 89' lang='lat' dir='ltr'><strong>Or.</strong></span> <span class='ocrx_word' id='word_1_256' title='bbox 839 3052 964 3095; x_wconf 89' lang='lat' dir='ltr'><strong>XXI</strong></span> <span class='ocrx_word' id='word_1_257' title='bbox 1009 3064 1107 3106; x_wconf 88' lang='lat' dir='ltr'><strong>opp</strong></span> <span class='ocrx_word' id='word_1_258' title='bbox 1152 3055 1185 3094; x_wconf 85' lang='lat' dir='ltr'><strong>t.</strong></span> <span class='ocrx_word' id='word_1_259' title='bbox 1225 3052 1262 3094; x_wconf 88' lang='grc' dir='ltr'><strong>Ι.</strong></span> <span class='ocrx_word' id='word_1_260' title='bbox 1308 3066 1350 3105; x_wconf 84' lang='lat' dir='ltr'><strong>p.</strong></span> <span class='ocrx_word' id='word_1_261' title='bbox 1392 3048 1492 3093; x_wconf 86' lang='grc'><strong>393</strong></span> <span class='ocrx_word' id='word_1_262' title='bbox 1531 3063 1574 3092; x_wconf 92' lang='lat' dir='ltr'><strong>n</strong></span> <span class='ocrx_word' id='word_1_263' title='bbox 1622 3047 1693 3092; x_wconf 80' lang='lat'><strong>12.</strong></span> <span class='ocrx_word' id='word_1_264' title='bbox 1737 3037 1818 3088; x_wconf 69' lang='grc' dir='ltr'><strong>ςΗν</strong></span> <span class='ocrx_word' id='word_1_265' title='bbox 1849 3042 1927 3088; x_wconf 81' lang='grc' dir='ltr'><strong>ὅτε</strong></span> <span class='ocrx_word' id='word_1_266' title='bbox 1959 3042 2128 3100; x_wconf 78' lang='grc' dir='ltr'><em>ἤκμαζε</em></span> <span class='ocrx_word' id='word_1_267' title='bbox 2157 3042 2217 3086; x_wconf 80' lang='grc' dir='ltr'><strong>τὰ</strong></span> <span class='ocrx_word' id='word_1_268' title='bbox 2248 3041 2456 3102; x_wconf 72' lang='grc' dir='ltr'><em>ἡμέτερα,</em></span> <span class='ocrx_word' id='word_1_269' title='bbox 2487 3043 2565 3086; x_wconf 81' lang='grc' dir='ltr'><em>καὶ</em></span> 
     </span>
     <span class='ocr_line' id='line_1_35' title="bbox 487 3116 2570 3179; baseline -0.005 -12"><span class='ocrx_word' id='word_1_270' title='bbox 487 3127 628 3171; x_wconf 78' lang='grc' dir='ltr'><em>καλῶς</em></span> <span class='ocrx_word' id='word_1_271' title='bbox 659 3139 791 3176; x_wconf 61' lang='lat' dir='ltr'><strong>celer,</strong></span> <span class='ocrx_word' id='word_1_272' title='bbox 826 3121 953 3179; x_wconf 67' lang='grc' dir='ltr'><em>ἡνίκα</em></span> <span class='ocrx_word' id='word_1_273' title='bbox 998 3136 1054 3165; x_wconf 90' lang='grc' dir='ltr'><strong>το</strong></span> <span class='ocrx_word' id='word_1_274' title='bbox 1086 3123 1166 3172; x_wconf 81' lang='grc' dir='ltr'><em>μὲν</em></span> <span class='ocrx_word' id='word_1_275' title='bbox 1197 3119 1416 3178; x_wconf 75' lang='grc' dir='ltr'><em>περιττόν</em></span> <span class='ocrx_word' id='word_1_276' title='bbox 1446 3122 1605 3172; x_wconf 79' lang='grc' dir='ltr'><em>τοῦτο,</em></span> <span class='ocrx_word' id='word_1_277' title='bbox 1640 3119 1715 3160; x_wconf 82' lang='grc' dir='ltr'><em>καὶ</em></span> <span class='ocrx_word' id='word_1_278' title='bbox 1746 3119 2182 3170; x_wconf 80' lang='grc' dir='ltr'><strong><em>κατεγλωττισμένον</em></strong></span> <span class='ocrx_word' id='word_1_279' title='bbox 2209 3117 2291 3172; x_wconf 79' lang='grc' dir='ltr'><strong>τῆς·</strong></span> <span class='ocrx_word' id='word_1_280' title='bbox 2319 3116 2570 3169; x_wconf 78' lang='grc' dir='ltr'><strong><em>θεολογίας</em></strong></span> 
     </span>
     <span class='ocr_line' id='line_1_36' title="bbox 487 3181 2564 3252; baseline -0.004 -11"><span class='ocrx_word' id='word_1_281' title='bbox 487 3201 563 3240; x_wconf 79' lang='grc' dir='ltr'><em>καὶ</em></span> <span class='ocrx_word' id='word_1_282' title='bbox 595 3202 814 3249; x_wconf 82' lang='grc' dir='ltr'><em>ἔντεχνον,</em></span> <span class='ocrx_word' id='word_1_283' title='bbox 848 3192 959 3239; x_wconf 74' lang='grc' dir='ltr'><strong>οὐδὲ</strong></span> <span class='ocrx_word' id='word_1_284' title='bbox 990 3195 1204 3252; x_wconf 83' lang='grc' dir='ltr'><em>πάροδον</em></span> <span class='ocrx_word' id='word_1_285' title='bbox 1236 3185 1352 3245; x_wconf 73' lang='grc' dir='ltr'><em>εἶχεν</em></span> <span class='ocrx_word' id='word_1_286' title='bbox 1386 3191 1448 3238; x_wconf 83' lang='grc' dir='ltr'><strong>εἰς·</strong></span> <span class='ocrx_word' id='word_1_287' title='bbox 1477 3191 1564 3237; x_wconf 81' lang='grc' dir='ltr'><em>τοὶς·</em></span> <span class='ocrx_word' id='word_1_288' title='bbox 1604 3191 1737 3236; x_wconf 79' lang='grc' dir='ltr'><em>θείας·</em></span> <span class='ocrx_word' id='word_1_289' title='bbox 1777 3188 1932 3235; x_wconf 59' lang='lat' dir='ltr'><strong>avitis·-</strong></span> <span class='ocrx_word' id='word_1_290' title='bbox 1963 3181 2078 3231; x_wconf 68' lang='grc' dir='ltr'><em>ἄλλοι</em></span> <span class='ocrx_word' id='word_1_291' title='bbox 2107 3188 2283 3232; x_wconf 88' lang='grc' dir='ltr'><em>ταυτόν</em></span> <span class='ocrx_word' id='word_1_292' title='bbox 2311 3205 2366 3245; x_wconf 81' lang='grc' dir='ltr'><em>ην</em></span> <span class='ocrx_word' id='word_1_293' title='bbox 2395 3187 2564 3246; x_wconf 69' lang='grc' dir='ltr'><em>ψήφοις·</em></span> 
     </span>
    </p>
   </div>
   <div class='ocr_carea' id='block_1_24' title="bbox 483 3258 2603 3498">
    <p class='ocr_par' dir='ltr' id='par_1_25' title="bbox 483 3258 2603 3472">
     <span class='ocr_line' id='line_1_37' title="bbox 484 3258 2579 3324; baseline -0.004 -12"><span class='ocrx_word' id='word_1_294' title='bbox 484 3283 535 3312; x_wconf 83' lang='grc' dir='ltr'><strong>τε</strong></span> <span class='ocrx_word' id='word_1_295' title='bbox 565 3269 762 3322; x_wconf 79' lang='grc' dir='ltr'><em>παίζειν,</em></span> <span class='ocrx_word' id='word_1_296' title='bbox 791 3283 874 3324; x_wconf 82' lang='grc' dir='ltr'><em>την</em></span> <span class='ocrx_word' id='word_1_297' title='bbox 906 3264 1013 3319; x_wconf 78' lang='grc' dir='ltr'><em>ὄψιν</em></span> <span class='ocrx_word' id='word_1_298' title='bbox 1043 3266 1343 3310; x_wconf 85' lang='grc' dir='ltr'><em>κλεπτούσαις</em></span> <span class='ocrx_word' id='word_1_299' title='bbox 1371 3265 1435 3321; x_wconf 81' lang='grc' dir='ltr'><strong>τῷ</strong></span> <span class='ocrx_word' id='word_1_300' title='bbox 1463 3265 1598 3315; x_wconf 81' lang='grc' dir='ltr'><em>τάχει</em></span> <span class='ocrx_word' id='word_1_301' title='bbox 1629 3266 1709 3319; x_wconf 81' lang='grc' dir='ltr'><strong>τῆς·</strong></span> <span class='ocrx_word' id='word_1_302' title='bbox 1737 3264 2030 3314; x_wconf 77' lang='grc' dir='ltr'><em>μεταθέσεως,</em></span> <span class='ocrx_word' id='word_1_303' title='bbox 2063 3259 2089 3317; x_wconf 83' lang='grc' dir='ltr'>ἢ</span> <span class='ocrx_word' id='word_1_304' title='bbox 2113 3264 2444 3319; x_wconf 78' lang='grc' dir='ltr'><em>κατορχεῖσθαι</em></span> <span class='ocrx_word' id='word_1_305' title='bbox 2472 3258 2579 3311; x_wconf 47' lang='grc' dir='ltr'><em>τῶν,</em></span> 
     </span>
     <span class='ocr_line' id='line_1_38' title="bbox 483 3329 2560 3398; baseline -0.005 -13"><span class='ocrx_word' id='word_1_306' title='bbox 483 3343 666 3385; x_wconf 78' lang='grc' dir='ltr'><em>θεατῶν</em></span> <span class='ocrx_word' id='word_1_307' title='bbox 696 3342 940 3386; x_wconf 81' lang='grc' dir='ltr'><strong>παντοίοις·</strong></span> <span class='ocrx_word' id='word_1_308' title='bbox 970 3342 1045 3383; x_wconf 84' lang='grc' dir='ltr'><em>καὶ</em></span> <span class='ocrx_word' id='word_1_309' title='bbox 1078 3337 1381 3398; x_wconf 77' lang='grc' dir='ltr'><strong>ἀνδρογύνοις</strong></span> <span class='ocrx_word' id='word_1_310' title='bbox 1410 3337 1666 3390; x_wconf 82' lang='grc' dir='ltr'><em>λυγίσμασι,</em></span> <span class='ocrx_word' id='word_1_311' title='bbox 1684 3337 1759 3378; x_wconf 85' lang='grc' dir='ltr'><em>καὶ</em></span> <span class='ocrx_word' id='word_1_312' title='bbox 1789 3335 1895 3393; x_wconf 85' lang='grc' dir='ltr'><em>περὶ</em></span> <span class='ocrx_word' id='word_1_313' title='bbox 1926 3336 2041 3377; x_wconf 80' lang='grc' dir='ltr'><em>θεοῦ</em></span> <span class='ocrx_word' id='word_1_314' title='bbox 2069 3336 2209 3386; x_wconf 78' lang='grc' dir='ltr'><em>λέγειν</em></span> <span class='ocrx_word' id='word_1_315' title='bbox 2237 3333 2285 3374; x_wconf 84' lang='grc' dir='ltr'><strong>τὶ</strong></span> <span class='ocrx_word' id='word_1_316' title='bbox 2315 3333 2390 3373; x_wconf 85' lang='grc' dir='ltr'><em>καὶ</em></span> <span class='ocrx_word' id='word_1_317' title='bbox 2421 3329 2560 3374; x_wconf 76' lang='grc' dir='ltr'><strong><em>οἰκού-</em></strong></span> 
     </span>
     <span class='ocr_line' id='line_1_39' title="bbox 485 3400 2603 3498; baseline -0.006 -41"><span class='ocrx_word' id='word_1_318' title='bbox 485 3432 548 3458; x_wconf 85' lang='grc' dir='ltr'><strong>ειν</strong></span> <span class='ocrx_word' id='word_1_319' title='bbox 580 3414 850 3498; x_wconf 76' lang='grc' dir='ltr'><em>καινότερον</em></span> <span class='ocrx_word' id='word_1_320' title='bbox 877 3413 954 3454; x_wconf 85' lang='grc' dir='ltr'><em>καὶ</em></span> <span class='ocrx_word' id='word_1_321' title='bbox 984 3411 1237 3480; x_wconf 78' lang='grc' dir='ltr'><em>περίεργον·</em></span> <span class='ocrx_word' id='word_1_322' title='bbox 1267 3408 1323 3453; x_wconf 79' lang='grc' dir='ltr'><strong>τό</strong></span> <span class='ocrx_word' id='word_1_323' title='bbox 1360 3410 1411 3451; x_wconf 79' lang='grc' dir='ltr'><strong>δὲ</strong></span> <span class='ocrx_word' id='word_1_324' title='bbox 1445 3407 1620 3452; x_wconf 74' lang='grc' dir='ltr'><em>ἁπλοῦν</em></span> <span class='ocrx_word' id='word_1_325' title='bbox 1660 3421 1711 3450; x_wconf 81' lang='grc' dir='ltr'><strong>τε</strong></span> <span class='ocrx_word' id='word_1_326' title='bbox 1742 3408 1817 3448; x_wconf 85' lang='grc' dir='ltr'><em>καὶ</em></span> <span class='ocrx_word' id='word_1_327' title='bbox 1849 3403 2021 3458; x_wconf 76' lang='grc' dir='ltr'><em>εὐγενὲς·</em></span> <span class='ocrx_word' id='word_1_328' title='bbox 2048 3405 2137 3448; x_wconf 79' lang='grc' dir='ltr'><strong>τοῦ</strong></span> <span class='ocrx_word' id='word_1_329' title='bbox 2164 3403 2321 3457; x_wconf 83' lang='grc' dir='ltr'><em>λόγου,</em></span> <span class='ocrx_word' id='word_1_330' title='bbox 2353 3400 2603 3456; x_wconf 50' lang='lat' dir='ltr'><strong>confflem?</strong></span> 
     </span>
    </p>
   </div>
   <div class='ocr_carea' id='block_1_25' title="bbox 484 3472 2560 3541">
    <p class='ocr_par' dir='ltr' id='par_1_26' title="bbox 484 3472 2560 3541">
     <span class='ocr_line' id='line_1_40' title="bbox 484 3472 2560 3541; baseline -0.006 -11"><span class='ocrx_word' id='word_1_331' title='bbox 484 3487 730 3538; x_wconf 74' lang='grc' dir='ltr'><em>ἐνομίζετο</em></span> <span class='ocrx_word' id='word_1_332' title='bbox 774 3483 850 3535; x_wconf 75' lang='grc' dir='ltr'><strong>ἀφ’</strong></span> <span class='ocrx_word' id='word_1_333' title='bbox 896 3502 950 3528; x_wconf 93' lang='grc' dir='ltr'><strong>ου</strong></span> <span class='ocrx_word' id='word_1_334' title='bbox 996 3476 1046 3526; x_wconf 78' lang='grc' dir='ltr'><strong>δὲ</strong></span> <span class='ocrx_word' id='word_1_335' title='bbox 1087 3485 1254 3530; x_wconf 82' lang='grc' dir='ltr'><em>Σέξτοι</em></span> <span class='ocrx_word' id='word_1_336' title='bbox 1285 3485 1361 3525; x_wconf 85' lang='grc' dir='ltr'><em>καὶ</em></span> <span class='ocrx_word' id='word_1_337' title='bbox 1390 3483 1640 3541; x_wconf 80' lang='grc' dir='ltr'><em>Πύῤῥωνες,</em></span> <span class='ocrx_word' id='word_1_338' title='bbox 1673 3482 1749 3524; x_wconf 81' lang='grc' dir='ltr'><em>καὶ</em></span> <span class='ocrx_word' id='word_1_339' title='bbox 1780 3478 1808 3536; x_wconf 78' lang='grc' dir='ltr'><em>ἦ</em></span> <span class='ocrx_word' id='word_1_340' title='bbox 1839 3477 2084 3523; x_wconf 62' lang='lat' dir='ltr'><strong>‹immetes-</strong></span> <span class='ocrx_word' id='word_1_341' title='bbox 2112 3479 2302 3530; x_wconf 76' lang='grc' dir='ltr'><em>γλῶσσα,</em></span> <span class='ocrx_word' id='word_1_342' title='bbox 2333 3472 2480 3534; x_wconf 74' lang='grc' dir='ltr'><em>ὥσπερ</em></span> <span class='ocrx_word' id='word_1_343' title='bbox 2510 3487 2560 3517; x_wconf 82' lang='grc' dir='ltr'><em>τι</em></span> 
     </span>
    </p>
   </div>
   <div class='ocr_carea' id='block_1_26' title="bbox 481 3545 2585 3634">
    <p class='ocr_par' dir='ltr' id='par_1_27' title="bbox 481 3545 2585 3634">
     <span class='ocr_line' id='line_1_41' title="bbox 481 3545 2585 3634; baseline -0.007 -32"><span class='ocrx_word' id='word_1_344' title='bbox 481 3560 657 3616; x_wconf 78' lang='grc' dir='ltr'><em>νόσημα</em></span> <span class='ocrx_word' id='word_1_345' title='bbox 699 3557 849 3601; x_wconf 80' lang='grc' dir='ltr'><em>δεινὸν</em></span> <span class='ocrx_word' id='word_1_346' title='bbox 891 3575 966 3600; x_wconf 86' lang='grc' dir='ltr'><strong>και</strong></span> <span class='ocrx_word' id='word_1_347' title='bbox 1007 3574 1158 3612; x_wconf 71' lang='grc' dir='ltr'><em>κακον]</em></span> <span class='ocrx_word' id='word_1_348' title='bbox 1151 3558 1243 3608; x_wconf 65' lang='grc' dir='ltr'><em>(Ιὲς,</em></span> <span class='ocrx_word' id='word_1_349' title='bbox 1289 3560 1392 3600; x_wconf 83' lang='grc' dir='ltr'><em>ταῖς</em></span> <span class='ocrx_word' id='word_1_350' title='bbox 1439 3555 1685 3611; x_wconf 83' lang='grc' dir='ltr'><em>εκκλησίαις</em></span> <span class='ocrx_word' id='word_1_351' title='bbox 1725 3550 1843 3606; x_wconf 81' lang='grc' dir='ltr'><em>ημῶν</em></span> <span class='ocrx_word' id='word_1_352' title='bbox 1889 3549 2151 3607; x_wconf 74' lang='grc' dir='ltr'><em>εἷσεᾳθάρη,</em></span> <span class='ocrx_word' id='word_1_353' title='bbox 2197 3549 2273 3590; x_wconf 84' lang='grc' dir='ltr'><em>καὶ</em></span> <span class='ocrx_word' id='word_1_354' title='bbox 2301 3545 2329 3604; x_wconf 75' lang='grc' dir='ltr'><strong><em>ἦ</em></strong></span> <span class='ocrx_word' id='word_1_355' title='bbox 2357 3545 2585 3634; x_wconf 39' lang='grc' dir='ltr'><em>φλυαρία(</em></span> 
     </span>
    </p>
   </div>
   <div class='ocr_carea' id='block_1_27' title="bbox 137 3615 2557 3686">
    <p class='ocr_par' dir='ltr' id='par_1_28' title="bbox 137 3615 2557 3686">
     <span class='ocr_line' id='line_1_42' title="bbox 137 3615 2557 3686; baseline -0.006 -12"><span class='ocrx_word' id='word_1_356' title='bbox 137 3634 333 3676; x_wconf 66' lang='lat' dir='ltr'><strong>Nugaeitas</strong></span> <span class='ocrx_word' id='word_1_357' title='bbox 355 3637 469 3670; x_wconf 64' lang='lat' dir='ltr'><strong>instar</strong></span> <span class='ocrx_word' id='word_1_358' title='bbox 483 3633 726 3676; x_wconf 78' lang='grc' dir='ltr'><em>παίδευσις</em></span> <span class='ocrx_word' id='word_1_359' title='bbox 767 3632 908 3682; x_wconf 72' lang='grc' dir='ltr'><em>ἔδοξε,</em></span> <span class='ocrx_word' id='word_1_360' title='bbox 956 3647 1032 3672; x_wconf 87' lang='grc' dir='ltr'><strong>και</strong></span> <span class='ocrx_word' id='word_1_361' title='bbox 1079 3626 1108 3672; x_wconf 93' lang='grc' dir='ltr'><strong>ο’</strong></span> <span class='ocrx_word' id='word_1_362' title='bbox 1150 3645 1255 3685; x_wconf 80' lang='grc' dir='ltr'><em>φησι</em></span> <span class='ocrx_word' id='word_1_363' title='bbox 1285 3630 1392 3686; x_wconf 79' lang='grc' dir='ltr'><em>περὶ</em></span> <span class='ocrx_word' id='word_1_364' title='bbox 1419 3625 1672 3683; x_wconf 79' lang='grc' dir='ltr'><em>Λθηναίων</em></span> <span class='ocrx_word' id='word_1_365' title='bbox 1710 3623 1737 3682; x_wconf 79' lang='grc' dir='ltr'><em>ἦ</em></span> <span class='ocrx_word' id='word_1_366' title='bbox 1770 3625 1930 3679; x_wconf 82' lang='grc' dir='ltr'><em>βίβλος</em></span> <span class='ocrx_word' id='word_1_367' title='bbox 1957 3624 2046 3666; x_wconf 77' lang='grc' dir='ltr'><em>τῶν</em></span> <span class='ocrx_word' id='word_1_368' title='bbox 2074 3620 2298 3680; x_wconf 69' lang='grc' dir='ltr'><em>πράξεων,</em></span> <span class='ocrx_word' id='word_1_369' title='bbox 2329 3618 2392 3664; x_wconf 80' lang='grc' dir='ltr'><strong>εἷς</strong></span> <span class='ocrx_word' id='word_1_370' title='bbox 2421 3615 2557 3660; x_wconf 79' lang='grc' dir='ltr'><em>ουδὲν</em></span> 
     </span>
    </p>
   </div>
   <div class='ocr_carea' id='block_1_28' title="bbox 198 3679 388 3712">
    <p class='ocr_par' dir='ltr' id='par_1_29' title="bbox 198 3679 388 3712">
     <span class='ocr_line' id='line_1_43' title="bbox 198 3679 388 3712; baseline 0.006 -2"><span class='ocrx_word' id='word_1_371' title='bbox 198 3679 388 3712; x_wconf 74' lang='lat' dir='ltr'><strong>doctrinae.</strong></span> 
     </span>
    </p>
   </div>
   <div class='ocr_carea' id='block_1_29' title="bbox 481 3689 2557 3973">
    <p class='ocr_par' dir='ltr' id='par_1_30' title="bbox 481 3689 2556 3832">
     <span class='ocr_line' id='line_1_44' title="bbox 484 3689 2556 3761; baseline -0.008 -15"><span class='ocrx_word' id='word_1_372' title='bbox 484 3701 592 3746; x_wconf 77' lang='grc' dir='ltr'><em>ἄλλο</em></span> <span class='ocrx_word' id='word_1_373' title='bbox 625 3700 939 3761; x_wconf 81' lang='grc' dir='ltr'><em>ευκαιροῦμεν,</em></span> <span class='ocrx_word' id='word_1_374' title='bbox 972 3698 999 3757; x_wconf 78' lang='grc' dir='ltr'>ἢ</span> <span class='ocrx_word' id='word_1_375' title='bbox 1031 3703 1171 3752; x_wconf 79' lang='grc' dir='ltr'><em>λέγειν</em></span> <span class='ocrx_word' id='word_1_376' title='bbox 1202 3712 1250 3742; x_wconf 89' lang='grc' dir='ltr'><em>τι</em></span> <span class='ocrx_word' id='word_1_377' title='bbox 1281 3702 1357 3741; x_wconf 84' lang='grc' dir='ltr'><em>καὶ</em></span> <span class='ocrx_word' id='word_1_378' title='bbox 1389 3697 1573 3742; x_wconf 74' lang='grc' dir='ltr'><em>ἀκούειν</em></span> <span class='ocrx_word' id='word_1_379' title='bbox 1604 3696 1890 3754; x_wconf 78' lang='grc' dir='ltr'><em>καινότερον.</em></span> <span class='ocrx_word' id='word_1_380' title='bbox 1937 3692 1968 3737; x_wconf 82' lang='grc' dir='ltr'><em>ὢ</em></span> <span class='ocrx_word' id='word_1_381' title='bbox 1998 3695 2069 3739; x_wconf 84' lang='grc' dir='ltr'><strong>τὶς</strong></span> <span class='ocrx_word' id='word_1_382' title='bbox 2097 3690 2307 3751; x_wconf 73' lang='grc' dir='ltr'><em>Ἱερεμίας</em></span> <span class='ocrx_word' id='word_1_383' title='bbox 2336 3689 2556 3748; x_wconf 74' lang='grc' dir='ltr'><em>ὀδύρεται</em></span> 
     </span>
     <span class='ocr_line' id='line_1_45' title="bbox 481 3762 2550 3832; baseline -0.007 -14"><span class='ocrx_word' id='word_1_384' title='bbox 481 3774 563 3832; x_wconf 75' lang='grc' dir='ltr'><em>τήν</em></span> <span class='ocrx_word' id='word_1_385' title='bbox 593 3772 817 3832; x_wconf 74' lang='grc' dir='ltr'><em>ἡμετέραν</em></span> <span class='ocrx_word' id='word_1_386' title='bbox 849 3773 1066 3826; x_wconf 78' lang='grc' dir='ltr'><em>σύγχυσιν</em></span> <span class='ocrx_word' id='word_1_387' title='bbox 1097 3774 1173 3815; x_wconf 83' lang='grc' dir='ltr'><em>καὶ</em></span> <span class='ocrx_word' id='word_1_388' title='bbox 1204 3771 1530 3822; x_wconf 83' lang='grc' dir='ltr'><em>σκοτόμαιναν</em></span> <span class='ocrx_word' id='word_1_389' title='bbox 1563 3768 1590 3814; x_wconf 84' lang='lat' dir='ltr'><strong>o‘</strong></span> <span class='ocrx_word' id='word_1_390' title='bbox 1611 3770 1750 3820; x_wconf 80' lang='grc' dir='ltr'><em>μόνος</em></span> <span class='ocrx_word' id='word_1_391' title='bbox 1771 3766 1901 3812; x_wconf 72' lang='grc' dir='ltr'><em>εἰδώς</em></span> <span class='ocrx_word' id='word_1_392' title='bbox 1921 3767 2098 3814; x_wconf 78' lang='grc' dir='ltr'><em>ἐξισοῦν</em></span> <span class='ocrx_word' id='word_1_393' title='bbox 2121 3763 2319 3822; x_wconf 79' lang='grc' dir='ltr'><em>θρήνους</em></span> <span class='ocrx_word' id='word_1_394' title='bbox 2338 3762 2550 3806; x_wconf 74' lang='grc' dir='ltr'><em>πάθεσιν,</em></span> 
     </span>
    </p>

    <p class='ocr_par' dir='ltr' id='par_1_31' title="bbox 481 3835 2554 3973">
     <span class='ocr_line' id='line_1_46' title="bbox 656 3835 2552 3904; baseline -0.009 -13"><span class='ocrx_word' id='word_1_395' title='bbox 656 3848 691 3904; x_wconf 78' lang='lat'><strong>⁸)</strong></span> <span class='ocrx_word' id='word_1_396' title='bbox 721 3850 759 3893; x_wconf 88' lang='grc' dir='ltr'><strong>Ι.</strong></span> <span class='ocrx_word' id='word_1_397' title='bbox 792 3850 904 3890; x_wconf 89' lang='lat' dir='ltr'><strong>Tim.</strong></span> <span class='ocrx_word' id='word_1_398' title='bbox 937 3849 1016 3891; x_wconf 83' lang='lat' dir='ltr'><strong>VI.</strong></span> <span class='ocrx_word' id='word_1_399' title='bbox 1048 3846 1120 3891; x_wconf 82' lang='lat'><strong>20.</strong></span> <span class='ocrx_word' id='word_1_400' title='bbox 1153 3860 1220 3901; x_wconf 81' lang='lat' dir='ltr'><strong>sq.</strong></span> <span class='ocrx_word' id='word_1_401' title='bbox 1265 3836 1318 3886; x_wconf 80' lang='grc' dir='ltr'><strong>,Ω</strong></span> <span class='ocrx_word' id='word_1_402' title='bbox 1361 3844 1589 3894; x_wconf 71' lang='grc' dir='ltr'><em>Τιμόθεε]</em></span> <span class='ocrx_word' id='word_1_403' title='bbox 1617 3841 1702 3896; x_wconf 76' lang='grc' dir='ltr'><em>τήν</em></span> <span class='ocrx_word' id='word_1_404' title='bbox 1731 3837 2130 3899; x_wconf 74' lang='grc' dir='ltr'><em>παρακαταθνκην</em></span> <span class='ocrx_word' id='word_1_405' title='bbox 2161 3835 2374 3888; x_wconf 80' lang='grc' dir='ltr'><em>φύλαξον,</em></span> <span class='ocrx_word' id='word_1_406' title='bbox 2407 3835 2552 3892; x_wconf 85' lang='grc' dir='ltr'><em>εκτρε-</em></span> 
     </span>
     <span class='ocr_line' id='line_1_47' title="bbox 481 3906 2557 3973; baseline -0.005 -14"><span class='ocrx_word' id='word_1_407' title='bbox 481 3916 678 3967; x_wconf 85' lang='grc' dir='ltr'><em>πόμενος</em></span> <span class='ocrx_word' id='word_1_408' title='bbox 706 3915 794 3963; x_wconf 83' lang='grc' dir='ltr'><em>τοὶς</em></span> <span class='ocrx_word' id='word_1_409' title='bbox 823 3916 1047 3973; x_wconf 80' lang='grc' dir='ltr'><em>βεβήλους</em></span> <span class='ocrx_word' id='word_1_410' title='bbox 1076 3915 1345 3965; x_wconf 86' lang='grc' dir='ltr'><em>κενοφωνίας</em></span> <span class='ocrx_word' id='word_1_411' title='bbox 1389 3915 1466 3957; x_wconf 82' lang='grc' dir='ltr'><em>καὶ</em></span> <span class='ocrx_word' id='word_1_412' title='bbox 1512 3911 1769 3957; x_wconf 75' lang='grc' dir='ltr'><em>ἀντιθέσεις</em></span> <span class='ocrx_word' id='word_1_413' title='bbox 1809 3912 1893 3967; x_wconf 74' lang='grc' dir='ltr'><strong>τῆς</strong></span> <span class='ocrx_word' id='word_1_414' title='bbox 1931 3907 2228 3962; x_wconf 77' lang='grc' dir='ltr'><em>ψευδωνύμου</em></span> <span class='ocrx_word' id='word_1_415' title='bbox 2258 3906 2469 3960; x_wconf 80' lang='grc' dir='ltr'><em>γνώσεως·</em></span> <span class='ocrx_word' id='word_1_416' title='bbox 2499 3922 2557 3963; x_wconf 76' lang='grc' dir='ltr'><em>ην</em></span> 
     </span>
    </p>
   </div>
   <div class='ocr_carea' id='block_1_30' title="bbox 482 3983 1748 4048">
    <p class='ocr_par' dir='ltr' id='par_1_32' title="bbox 482 3983 1748 4048">
     <span class='ocr_line' id='line_1_48' title="bbox 482 3983 1748 4048; baseline -0.006 -14"><span class='ocrx_word' id='word_1_417' title='bbox 482 3992 602 4036; x_wconf 76' lang='grc' dir='ltr'><em>τινὲς</em></span> <span class='ocrx_word' id='word_1_418' title='bbox 632 3989 1006 4045; x_wconf 74' lang='grc' dir='ltr'><em>ἐπαγγελλόμενοι</em></span> <span class='ocrx_word' id='word_1_419' title='bbox 1036 3990 1143 4048; x_wconf 76' lang='grc' dir='ltr'><em>περὶ</em></span> <span class='ocrx_word' id='word_1_420' title='bbox 1171 3987 1255 4046; x_wconf 73' lang='grc' dir='ltr'><em>τήν</em></span> <span class='ocrx_word' id='word_1_421' title='bbox 1284 3987 1454 4030; x_wconf 84' lang='grc' dir='ltr'><em>πίστιν</em></span> <span class='ocrx_word' id='word_1_422' title='bbox 1468 3983 1748 4045; x_wconf 73' lang='grc' dir='ltr'><em>ἠστόχησαν.</em></span> 
     </span>
    </p>
   </div>
  </div>
 </body>
</html>
