2716 4446
1061 186 1131 238 ...⁷
1178 195 1286 256 343
1334 227 1404 237 -.

196 343 266 398 ad
306 339 430 396 illos
475 340 713 409 extendi,
764 346 825 393 ut
880 340 1201 411 disponente
1261 339 1379 394 Deo
1436 358 1714 411 nunquam
1765 341 1835 393 sit
1887 339 2144 407 futurum,
2203 342 2264 392 ut

189 432 436 505 numere,
463 435 582 488 loco
622 451 687 487 ac
723 441 966 503 tempore
1003 453 1112 487 una
1149 434 1352 506 ubique
1381 433 1650 505 simulque
1685 452 1872 488 omnes
1901 432 1990 487 vel
2015 432 2264 504 plerique

119 555 123 559 2
195 548 382 586 omnes
422 548 454 582 a
493 547 590 582 suo
629 544 853 581 romano
894 529 1072 598 capite
1112 527 1383 580 deficiant.
1458 528 1604 580 Hinc
1643 527 1987 581 considerato

367 624 418 679 2.
456 621 685 690 obiecto,
708 621 943 692 pertinet
978 621 1123 674 idem
1162 621 1433 675 charisma
1470 640 1569 692 per
1607 641 1663 675 se
1704 628 1758 675 et
1789 621 2000 681 ,directe
2038 619 2109 673 ad
2145 638 2266 691 pro·
2328 631 2420 663 Prae
2444 631 2584 665 obiecto·

120 742 125 746 ·
193 717 488 771 sessionem
524 716 919 787 veritatemque
976 714 1343 784 praedicatam
1396 715 1640 786 apprime
1697 714 1766 767 ab
1818 714 2009 768 eodem
2045 731 2267 767 romano

195 811 467 882 episcope,
507 816 581 862 et
636 809 706 862 ad
761 807 1223 878 praedicationem
1277 809 1394 861 sive
1435 807 1769 878 singulorum
1811 809 1926 862 sive
1966 816 2268 862 ceterorum

194 903 433 973 omnium
471 904 853 973 episcoporum
891 909 1115 954 eatenus
1154 908 1379 971 tantum,
1439 909 1706 972 quatenus
1757 920 1867 954 una
1906 919 2029 954 cum
2068 901 2165 954 illa
2203 919 2268 954 ac
2328 893 2330 896 ’

194 1015 434 1069 consona
472 1003 571 1052 est.

366 1092 489 1146 363.
528 1091 576 1144 Ε
611 1090 815 1163 quibus
845 1089 996 1143 aliud
1031 1089 1197 1161 idque
1238 1074 1513 1160 singulare
1552 1090 1749 1160 prodit,
1789 1091 1932 1143 inter
1971 1090 2146 1144 solum
2182 1109 2262 1144 ro-
2283 1093 2442 1132 011102‘t‘212
2457 1093 2548 1124 inter
2572 1077 2626 1123 ἆο-

2281 1146 2422 1168 manum
2429 1135 2628 1176 pontzficem

2284 1182 2315 1212 et
2339 1180 2516 1218 episcopos
2538 1179 2628 1211 alios

2356 1224 2553 1257 discrimen.

192 1205 394 1240 manae
426 1186 689 1240 ecclesiae
729 1186 1045 1256 episcopum
1086 1183 1439 1255 singulosque
1474 1184 1703 1237 aliarum
1731 1185 2086 1238 ecclesiarum
2111 1203 2267 1255 prae-

194 1281 339 1336 sules
379 1299 487 1334 non
523 1279 761 1334 notabile
798 1278 1145 1359 tantumsed
1183 1278 1417 1348 capitale
1475 1278 1785 1334 discrimen.
1859 1279 2085 1333 Praeter
2123 1281 2267 1332 enim

193 1393 357 1447 quam
395 1374 540 1446 quod
595 1374 652 1427 hi
709 1372 1069 1448 particulares
1127 1372 1376 1426 doctores
1434 1379 1488 1426 et
1544 1372 1768 1426 obnoxii
1825 1381 1965 1443 sunt,
2004 1373 2097 1428 ille
2136 1393 2266 1428 vero

191 1469 515 1535 universalis
553 1477 716 1540 atque
756 1486 1040 1538 supremus
1078 1467 1320 1520 omnium
1348 1458 1703 1521 ecclesiarum
1730 1475 1892 1538 atque
1932 1468 2267 1522 credentium

190 1554 453 1634 magister
491 1571 544 1618 et
582 1563 772 1618 doctor
809 1551 1041 1631 exsistit,
1082 1562 1370 1615 comitatur
1406 1561 1568 1614 huius
1594 1563 1968 1632 magisterium
2007 1570 2061 1615 et
2085 1562 2266 1616 docto-

120 1660 126 1663 ’
191 1646 340 1711 Υαῒηὲ
379 1676 537 1711 usum
575 1657 1009 1728 exercitiumque
1050 1675 1121 1708 ex
1160 1674 1280 1709 sese
1324 1654 1731 1712 infallibilitatis
1770 1656 2117 1726 praesidium,
2159 1675 2266 1729 quo

189 1751 273 1805 illi
311 1771 382 1810 ex
420 1770 540 1805 sese
580 1752 962 1805 destituuntur.
1014 1750 1159 1803 Hinc
1211 1757 1308 1822 est,
1351 1746 1495 1821 quod
1527 1749 1681 1829 'apud
1711 1749 1867 1803 illum
1906 1769 1978 1803 ex
2013 1750 2266 1805 firmitate

192 1865 322 1900 suae
362 1846 701 1898 auctoritatis
740 1864 841 1916 per
879 1863 999 1898 sese
1037 1844 1264 1897 firmitas
1302 1844 1573 1897 redundet
1609 1846 1666 1897 in
1706 1845 1823 1913 eius
1864 1844 2165 1898 doctrinam
2204 1865 2267 1899 ac

189 1940 667 2012 praedicationem,
728 1958 868 2011 quae
896 1994 899 1995 γ
924 1958 957 1992 a
1015 1937 1576 1995 subiectoinfallibili
1616 1938 1814 1991 dicitur
1852 1946 1905 1992 et
1943 1948 2025 1993 est
2062 1941 2268 2010 pariter

189 2033 522 2102 infallibilis;
563 2029 708 2104 apud
745 2034 878 2086 istos
918 2041 1099 2086 autem
1140 2051 1168 2085 e
1209 2034 1476 2085 contrario
1516 2034 1697 2103 potius
1737 2051 1808 2084 ex
1845 2034 2266 2103 praedicationis

191 2129 576 2200 doctrinaeque
616 2129 867 2181 firmitate
906 2128 1131 2204 firmitas
1170 2129 1227 2181 in
1266 2130 1643 2182 auctoritatem
1668 2128 1952 2196 redundet,
1994 2147 2132 2199 quae
2171 2139 2293 2181 va-'

186 2222 316 2277 loris
355 2224 545 2276 invicti
583 2243 648 2276 ac
685 2223 1080 2294 irrefragabilis
1120 2231 1218 2292 est,
1248 2225 1293 2276 si
1319 2223 1510 2276 eadem
1537 2243 1569 2276 a
1598 2242 1821 2275 romana
1849 2221 2108 2275 cathedra
2144 2241 2265 2293 pro-

186 2316 330 2370 fecta
366 2317 702 2389 probataque
742 2317 932 2386 fuerit,
987 2317 1084 2371 sed
1134 2317 1404 2388 frangitur
1443 2336 1507 2369 ac
1545 2315 1697 2370 nulla
1735 2311 1933 2384 evadit,
1977 2317 2024 2368 si
2062 2315 2131 2368 ab
2171 2315 2268 2368 illa

143 2418 147 2423 ’
186 2411 349 2465 fuerit
388 2412 548 2465 devia
585 2420 748 2483 atque
786 2413 1009 2466 reiecta.
1068 2412 1354 2479 Videlicet,
1396 2420 1455 2464 ut
1503 2412 1558 2464 in
1599 2410 1764 2464 allata
1804 2409 2157 2488 similitudine
2199 2411 2266 2462 si.⁰

189 2513 408 2572 stamUS,
450 2525 591 2576 aqua
629 2505 852 2558 fontana
891 2505 1223 2578 excell—itdob
1262 2506 1652 2575 praestantiam
1689 2505 1883 2574 fontis3
1925 2503 2021 2556 sed
2061 2503 2625 2600 canalisssfflmffiffig-

186 2609 426 2670 praestat
448 2599 544 2652 -·-ob
595 2599 979 2652 excellentiam
1026 2618 1200 2670 aquae
1247 2599 1502 2652 fontanae
1554 2617 1653 2668 per
1689 2599 1869 2669 ipsum
1908 2598 2264 2652 decurrentis·
2305 2607 2346 2636 ια
2362 2607 2607 2639 ηθοεθδανῑωη·

189 2693 298 2746 Sed
336 2694 463 2747 inde
502 2702 730 2764 apparet
786 2694 980 2763 denUO,
1042 2703 1244 2765 quanta
1270 2686 1686 2747 necessitudine
1745 2695 2090 2763 episcopatus
2143 2711 2267 2745 cum

186 2788 423 2857 primatu
461 2789 760 2843 vinciatur:
800 2789 1055 2860 praecide
1097 2809 1129 2841 a
1167 2790 1315 2842 fonte
1355 2787 1618 2856 canalem,
1648 2787 1841 2841 cohibe
1870 2805 2069 2858 aquam
2097 2786 2263 2854 illius,

185 2881 392 2935 inutilis
430 2867 534 2936 iste
575 2891 628 2936 et
667 2885 970 2936 exstinctus
1009 2884 1244 2954 peritxet
1283 2884 1497 2935 arescit.

186 3194 340 3235 stolica
371 3193 645 3248 dignitate,
674 3195 795 3245 Quae
827 3209 906 3236 sua
934 3197 1247 3250 perspicuitate
1276 3196 1384 3237 nihil
1429 3196 1694 3250 relinquunt,
1729 3195 1846 3249 quod
1889 3196 1983 3237 iure
2021 3196 2263 3251 flagitetur3
2315 3205 2492 3237 Ecclesiae
2508 3212 2584 3236 con-

188 3270 230 3307 et
273 3270 419 3307 tamen
464 3267 692 3320 splendore
737 3268 791 3308 iis
837 3269 1088 3316 vincuntur,
1133 3282 1244 3322 quae
1290 3269 1453 3316 ibidem
1499 3282 1536 3312 c.
1567 3269 1610 3311 3.
1640 3283 1713 3322 pp.
1748 3267 1846 3310 151.
1880 3282 1946 3321 sq.
1988 3269 2132 3311 addit:
2185 3270 2266 3322 „In
2366 3250 2525 3280 structio.

184 3339 313 3379 Petro
345 3351 462 3392 ergo,
508 3339 662 3392 inquit,
709 3337 903 3381 emnium
946 3341 1155 3382 fortitudo
1201 3343 1406 3392 munitur,
1453 3345 1496 3382 et
1542 3341 1717 3382 divinae
1750 3342 1918 3395 gratiae
1943 3341 2010 3381 ita
2041 3341 2266 3383 ordinatur

186 3410 412 3462 auxilium,
443 3413 492 3450 ut
520 3410 714 3464 firmitas,
762 3408 873 3464 quae
917 3426 996 3466 per
1043 3412 1266 3454 Christum
1310 3397 1442 3455 Petro
1474 3414 1694 3465 tribuitur,
1727 3427 1805 3467 per
1832 3414 2011 3457 Petrum
2042 3413 2265 3467 Apostolis

187 3482 475 3534 conferatur.„
510 3482 632 3532 Quae
665 3482 840 3542 quidem
870 3496 1004 3523 aurea
1037 3484 1212 3524 omnino
1235 3484 1437 3525 habenda
1467 3488 1590 3536 sunt;
1626 3486 1827 3538 aperiunt
1847 3485 1962 3525 enim
1983 3485 2108 3525 nobis
2130 3489 2266 3527 totam

191 3553 354 3605 Christi
383 3555 430 3594 in
461 3554 674 3595 ecclesiae
694 3567 811 3601 ‚suae
841 3556 1114 3611 institutione
1148 3552 1441 3604 oinovopn'avt
1472 3569 1609 3596 unum
1638 3555 1824 3597 habetur
1846 3569 2096 3609 supremum
2120 3562 2264 3611 caput,

187 3639 301 3666 unus
331 3626 566 3666 altissimus
599 3626 810 3666 ecclesiae
850 3627 1072 3680 angularis
1115 3627 1240 3681 lapis,
1274 3629 1349 3682 qui
1394 3632 1460 3670 est
1492 3625 1689 3669 Christus
1722 3628 1878 3679 Jesus;
1912 3641 1966 3668 ex
1995 3629 2091 3681 ipso
2125 3631 2265 3671 omnis

189 3698 272 3749 vis,
299 3701 439 3738 totum
468 3698 515 3738 in
544 3697 774 3739 ecclesiam
821 3698 956 3739 robur
983 3712 1052 3739 ac
1095 3699 1418 3741 firmamentum
1462 3701 1707 3752 redundat3
1740 3700 1892 3741 defluit
1922 3713 1977 3752 ex
2005 3702 2102 3754 ipso
2132 3705 2181 3742 ut
2212 3715 2267 3743 ex

190 3770 354 3810 vertice
385 3782 553 3810 summo
600 3770 790 3811 salutare
837 3769 1127 3824 quodcunque
1173 3772 1398 3824 auxilium,
1446 3786 1531 3826 quo
1572 3774 1765 3814 munitur
1798 3777 1842 3814 et
1868 3772 2081 3817 solidatur
2112 3774 2265 3815 domus

189 3842 350 3894 ipsius:
394 3838 548 3882 verum
591 3841 636 3881 id
681 3855 770 3883 non
813 3843 988 3895 penitus
1035 3843 1284 3894 inmediate,
1324 3843 1403 3884 sed
1430 3841 1576 3897 potius
1607 3844 1793 3884 mediate
1824 3847 1995 3884 tantum
2026 3846 2263 3900 contingit;

189 3913 420 3954 interiacet
451 3913 620 3967 Petrus,
665 3927 744 3968 per
775 3927 905 3968 quem
933 3915 1381 3970 tanquamrcanalem
1419 3916 1562 3969 omnis
1593 3918 1732 3959 virtus
1762 3917 1809 3957 in
1842 3917 2092 3959 universam
2122 3920 2263 3961 eccle-

193 3985 302 4026 siam
331 3985 567 4030 derivatur.
