2716 4446
1375 232 1723 296 „150-

513 382 568 435 in
608 377 767 434 huius
807 379 934 433 fidei
974 376 1144 451 (Petri
1187 379 1417 452 scilicet)
1459 380 1710 433 firmitate
1749 388 2104 452 consurget„:
2143 379 2289 437 illico
2329 379 2586 440 subiecit:

510 474 705 542 „Hanc
744 472 1139 526 confessionem
1196 480 1385 543 portae
1445 473 1603 525 inferi
1659 492 1767 526 non
1823 474 2101 542 tenebunt,
2140 478 2326 530 mortis
2365 476 2586 531 vincula

511 587 619 621 non
658 566 935 637 ligabunt:
988 585 1098 620 vox
1156 568 1298 620 enim
1346 568 1452 620 ista
1492 587 1602 620 vox
1641 569 1786 621 vitae
1826 576 1922 622 est.
1961 569 2033 623 Et
2071 571 2212 623 sicut
2249 571 2588 626 confessores

513 680 637 714 suos
694 661 751 713 in
811 658 1071 713 coelestia
1127 659 1395 731 provehit,
1455 661 1532 714 ita
1587 669 1876 731 negatores
1927 662 1996 715 ad
2053 663 2264 717 inferna
2309 664 2586 736 demergit.

510 755 741 825 Propter
778 752 924 824 quod
962 753 1161 806 dicitur
1187 754 1227 824 ¹)
1269 753 1580 807 beatissimo
1619 755 1809 808 Petro:
1867 755 1996 809 Tibi
2034 756 2174 810 dabo
2214 756 2396 812 claves
2433 760 2590 830 regni

512 847 804 901 coelorum.
863 846 935 900 Et
976 865 1333 919 quaecunque
1373 847 1632 918 ligaveris
1673 868 1836 919 super
1878 857 2093 919 terram,
2134 860 2292 905 erunt
2329 851 2498 922 ligata
2534 861 2616 907 et‘

511 943 567 994 in
605 940 791 1008 coeliS,
834 950 888 994 et
926 959 1284 1012 quaecunque
1325 941 1555 995 solveris
1583 961 1748 1012 super
1779 950 1992 1012 terram,
2034 952 2191 997 erunt
2229 944 2406 998 soluta
2444 954 2498 999 et
2533 938 2590 1000 in

512 1034 733 1103 coelis„
789 1033 1038 1087 Potestas
1096 1035 1263 1105 igitur
1319 1054 1428 1106 qua
1477 1054 1733 1088 romanus
1790 1035 2047 1090 Pontifex
2084 1040 2232 1091 circa
2266 1038 2429 1093 fidem
2469 1059 2589 1111 pro-

512 1129 913 1201 fessionemque
971 1128 1099 1181 fidei
1158 1136 1421 1197 versatur,
1481 1128 1550 1182 ab
1609 1148 1790 1183 errore
1848 1149 1912 1183 ac
1968 1131 2294 1187 fallibilitate
2351 1135 2588 1188 inmunis

513 1225 744 1278 exsistit.

167 1346 354 1378 Char‘w‘er
376 1344 481 1378 ΡΜ·
687 1340 805 1394 175.
865 1339 1087 1394 Scilicet
1125 1347 1347 1393 naturae
1388 1341 1503 1394 sive
1542 1340 1775 1393 naturali
1813 1340 1960 1394 Petri
1999 1342 2317 1411 characteri,
2357 1362 2464 1415 quo
2502 1345 2586 1398 in·

511 1433 728 1487 mobilis
767 1442 851 1488 est
889 1423 1155 1488 ecclesiae
1193 1442 1352 1505 petra
1390 1443 1552 1506 atque
1591 1436 1711 1505 ipsa
1731 1434 1779 1506 ⁹)
1815 1437 1979 1488 etiam
2016 1435 2145 1488 fidei
2170 1443 2323 1507 petra
2349 1444 2589 1506 vocatur,

513 1530 759 1599 apprime
800 1531 1056 1582 convenit
1094 1529 1178 1581 vis
1218 1537 1382 1599 atque
1422 1535 1680 1599 potestaS,
1725 1548 1832 1600 qua
1854 1528 1998 1582 idem
2027 1537 2200 1582 semet
2235 1529 2594 1584 infallibiliter

513 1622 764 1693 explicet.
806 1622 928 1675 Hac
966 1623 1111 1675 enim
1150 1623 1342 1675 iudicii
1380 1624 1819 1694 operationisque
1869 1623 2253 1693 praerogativa
2302 1642 2461 1677 nemo
2499 1623 2590 1677 de-

241 1734 417 1768 Hilarius.
514 1717 702 1770 stituet
743 1716 1013 1785 „Petrum,
1054 1717 1159 1783 cui,
1198 1716 1277 1768 uti
1317 1723 1400 1768 est
1423 1717 1464 1784 ³)
1505 1716 1651 1787 apud
1681 1715 1949 1768 Hilarium
1987 1717 2395 1787 pictaviensem,
2437 1735 2590 1788 supe-

513 1811 626 1864 rius
665 1809 849 1863 claves
888 1812 1044 1881 regni
1081 1809 1354 1864 coelorum
1395 1810 1526 1882 (Dei
1553 1810 1719 1881 filius)
1760 1810 1999 1877 dederat,
2040 1829 2206 1881 super
2231 1830 2392 1883 quem
2420 1811 2592 1866 eccle-

517 1905 653 1958 siam
692 1905 1076 1958 aedificaturus
1116 1912 1246 1973 erat,
1289 1905 1553 1958 adversus
1594 1923 1753 1975 quam
1802 1913 1992 1976 portae
2032 1905 2229 1958 inferni
2268 1905 2405 1958 nihil
2438 1925 2592 1977 prae-

516 1999 777 2068 valerent,
837 2000 930 2071 qui
987 2018 1126 2071 quae
1185 2002 1242 2052 in
1302 2000 1459 2052 terris
1519 1998 1774 2052 solvisset
1823 1998 1913 2052 vel
1950 1998 2189 2069 ligasset,
2229 2018 2294 2052 ea
2330 2000 2388 2052 in
2426 1999 2592 2053 coelis

515 2093 606 2147 vel
664 2093 839 2147 soluta
896 2094 1251 2165 persisterent
1305 2092 1394 2146 vel
1450 2092 1620 2163 ligata
1646 2134 1659 2148 .
1686 2134 1700 2148 .
1729 2132 1741 2145 .
1781 2092 2001 2145 Petrum
2057 2093 2291 2164 primum
2348 2093 2447 2146 filii
2484 2093 2593 2147 Dei

517 2188 898 2256 confessorem,
940 2188 1208 2242 ecclesiae
1246 2187 1675 2255 fundamentum,
1717 2185 1970 2240 coelestis
2019 2187 2177 2257 regni
2214 2187 2501 2241 ianitorem
2539 2194 2594 2241 et

517 2284 574 2336 in
611 2290 826 2336 terreno
855 2283 1056 2336 iudicio
1085 2283 1321 2336 iudicem
1349 2281 1539 2352 coeli„
1582 2281 1789 2353 Ecquis
1828 2280 2066 2334 iudicem
2098 2280 2236 2334 coeli
2261 2280 2593 2335 iudicantem

519 2375 647 2430 licet
683 2377 740 2430 in
766 2378 922 2430 terris
950 2397 983 2429 a
1013 2378 1241 2430 veritate
1275 2377 1589 2448 iustitiaque
1617 2375 2011 2429 existimaverit
2045 2375 2321 2431 alienum?

696 2486 815 2540 176.
853 2485 926 2538 Et
962 2485 1221 2556 profectO,
1262 2504 1329 2538 ne
1369 2486 1424 2538 in
1463 2484 1689 2538 dubium
1734 2484 1887 2553 illud,
1931 2484 1999 2538 de
2056 2503 2163 2556 quo
2222 2485 2417 2555 agitur,
2454 2484 2594 2538 iner-

523 2580 732 2632 rantiae
770 2579 1100 2649 praesidium
1141 2579 1453 2647 advocetur,
1495 2579 1625 2631 facit

882 2750 948 2807 V.
999 2750 1254 2805 titulus
1292 2752 1615 2806 disertae
1654 2751 2231 2824 pollicitationis,

523 2928 631 2982 qua
656 2910 749 2982 qui
776 2908 997 2967 Petrum
1033 2910 1298 2963 ecclesiae
1337 2917 1544 2981 petram
1586 2909 1729 2978 fecit,
1769 2909 2003 2963 eundem
2030 2910 2293 2963 invictum
2319 2909 2446 2963 fidei
2471 2909 2595 2963 doc·

523 3012 694 3058 torem
722 3006 1003 3058 constituit
1032 3023 1096 3057 ac
1134 3003 1558 3075 insuperabilem
1594 3004 1708 3056 fore
1747 3003 2111 3075 praedicendo
2138 3005 2400 3074 promisit.
2437 3003 2599 3070 Quod

522 3105 582 3150 ut
607 3096 813 3169 liquido
842 3105 1067 3166 constet,
1117 3096 1252 3150 nihil
1296 3096 1753 3150 accommodatius
1803 3104 2044 3168 apparet,
2091 3115 2252 3168 quam
2290 3097 2451 3168 paulo
2478 3095 2644 3150 dili-⁰

251 3391 430 3425 Hilarius.
702 3386 735 3440 ¹)
753 3387 906 3430 Matth.
927 3386 1046 3427 XVI.
1065 3383 1136 3429 19.
1158 3385 1227 3426 Ad
1246 3384 1402 3440 quael.
1421 3400 1455 3430 s,
1477 3400 1512 3427 c.
1529 3399 1570 3440 p.
1591 3385 1716 3430 1010.
1734 3387 1796 3427 ita
1811 3386 1974 3440 pariter
1990 3385 2208 3427 Hilarius:
2232 3385 2299 3438 „0
2317 3385 2470 3427 beatus
2487 3385 2598 3427 coeli

524 3459 696 3509 ianitor,
729 3459 853 3499 cuius
882 3458 1063 3499 arbitrio
1096 3458 1241 3498 claves
1258 3458 1428 3498 aeterni
1444 3457 1588 3498 aditus
1609 3458 1854 3510 traduntur,
1873 3459 1995 3499 cuius
2021 3461 2225 3499 terrestre
2244 3458 2451 3498 iudicium
2471 3470 2596 3511 prae-

525 3531 719 3571 iudicata
762 3530 1001 3570 auctoritas
1047 3530 1105 3569 sit
1149 3530 1195 3569 in
1242 3529 1386 3570 coelo:
1435 3533 1483 3570 ut
1524 3543 1638 3582 quae
1685 3531 1731 3570 in
1769 3531 1896 3571 terris
1938 3534 2015 3571 aut
2054 3530 2191 3583 ligata
2220 3530 2308 3570 sint
2336 3533 2412 3570 aut
2441 3529 2596 3580 soluta,

526 3603 678 3643 statuti
709 3602 902 3643 eiusdem
934 3601 1226 3642 conditionem
1259 3602 1485 3642 obtineant
1515 3605 1558 3641 et
1589 3601 1635 3641 in
1665 3601 1829 3653 coelo.„

702 3674 736 3726 ²)
767 3674 836 3714 Ita
867 3673 1068 3727 superius
1099 3673 1155 3713 ab
1188 3673 1359 3714 Asterio
1392 3673 1551 3713 dicitur
1590 3685 1797 3713 amaseno
1838 3673 2025 3726 aliisque
2055 3673 2231 3726 passim,
2263 3671 2317 3713 de
2349 3671 2506 3725 quibus
2537 3670 2594 3713 of.

212 3747 389 3780 Maaeimua
417 3748 462 3780 M·
527 3746 602 3788 lib.
634 3758 730 3800 sup.
762 3759 801 3789 c.
833 3745 911 3791 IV.
942 3743 984 3789 3.
1019 3744 1105 3786 Sed
1138 3744 1394 3786 nominatim
1426 3744 1668 3785 Maximum
1697 3744 1758 3789 M.
1791 3757 1859 3798 ep.
1890 3743 1947 3784 ad
1975 3744 2071 3784 Pet.
2102 3743 2238 3784 illust.
2269 3756 2370 3796 opp.
2401 3746 2432 3782 t.
2464 3741 2522 3783 ΙΙ.
2551 3755 2594 3795 p.

528 3817 627 3862 292.
658 3819 735 3859 ubi
764 3819 873 3860 haec
905 3818 1231 3872 complectitur:
1263 3817 1307 3871 a)
1338 3818 1517 3858 Petrum
1547 3819 1591 3857 vi
1622 3817 1810 3857 nominis
1852 3828 1950 3856 esse
1989 3816 2318 3857 inconcussum:
2358 3812 2404 3866 b)
2445 3812 2596 3865 inpetu

529 3892 755 3944 pravitatis
786 3890 1033 3931 haereticae
1064 3889 1358 3943 superiorem:
1400 3887 1442 3935 c)
1482 3889 1528 3928 in
1575 3889 1650 3942 pia
1693 3901 1885 3942 veraque
1914 3887 2017 3928 fidei
2046 3886 2317 3926 confessione
2346 3883 2596 3925 fundatum:

531 3962 575 4015 d)
606 3962 715 4004 nihil
743 3961 955 4002 adversus
987 3973 1086 4001 eum
1117 3963 1269 4014 aperta
1297 3959 1614 4000 haereticorum
1645 3958 1746 4000 odia
1773 3957 2081 4013 praevalitura.

704 4032 739 4090 ³)
770 4034 822 4076 In
851 4033 925 4075 Ps.
959 4032 1164 4077 CXXXI.
1197 4030 1267 4078 12.
1297 4030 1340 4076 4.
