2626 4432
127 1098 407 1142 Hieronymus.

132 1753 266 1788 Judas
305 1752 409 1798 aali-

204 1804 332 1840 loeus.

1245 171 1605 230 -40—

569 339 654 393 49.
711 337 854 390 Sane
919 335 1310 388 fundamentum
1382 349 1410 384 a
1475 346 1580 398 quo
1635 331 1864 382 humana
1927 327 2206 393 civilisque
2265 329 2495 381 societas

428 432 648 502 pendet,
712 431 863 482 situm
921 434 1002 479 est
1053 427 1104 477 in
1161 424 1463 477 obedientia
1513 421 1868 486 subditorum,
1923 435 2078 486 quam
2132 418 2188 470 hi
2239 418 2495 490 principi-

428 529 526 578 bus
578 528 866 592 praestant.
942 519 1108 585 Atqui
1163 515 1515 568 obediendum
1581 528 1701 565 esse
1750 513 2083 582 principibus
2131 527 2352 565 romana
2405 529 2495 567 so-

432 618 597 670 cietas
635 629 740 666 non
779 613 867 665 uni
905 610 1152 677 relinquit
1190 607 1420 660 naturali
1451 606 1595 675 juri,
1643 604 1738 656 sed
1778 605 1943 656 veluti
1982 604 2161 672 legem
2209 607 2494 674 positivam

427 709 608 762 statuit
646 723 710 760 ac
746 695 986 757 normam⁴
1022 701 1352 770 generalem,
1393 700 1475 752 cui
1515 699 1837 751 contrariam
1871 713 2151 767 opponere
2179 701 2495 754 sententiam

425 800 647 869 perinde
683 799 846 851 habet
885 803 1045 863 atque
1083 794 1360 846 haeresim.
1437 789 1528 844 Ad
1567 807 1804 844 normam
1844 793 2126 859 legemque
2165 793 2307 845 illam
2352 793 2494 861 quod

424 895 638 960 attinet,
677 892 743 944 de
766 896 1094 958 quatamen
1132 901 1286 939 nemo
1326 886 1482 943 serio„
1512 885 1796 953 dubitarit,
1829 885 2216 964 HieronymuS,
2272 888 2497 956 insignis

422 1004 675 1042 romanae
727 984 990 1038 ecclesiae
1037 981 1254 1046 doctor,
1313 980 1506 1047 (lignus
1564 980 1811 1048 profecto
1870 986 1979 1048 est,
2035 977 2125 1060 qni
2178 980 2444 1051 interpres
2477 977 2498 1012 ¹

422 1082 609 1136 mentis
658 1096 722 1133 ac
768 1076 1061 1130 sententiae
1107 1090 1361 1127 romanae
1400 1074 1616 1126 unitatis
1669 1073 1947 1130 audiatur:
2021 1072 2303 1142 „Admone
2358 1065 2497 1140 illem,

425 1176 616 1243 inquit,
654 1173 981 1243 principibus
1021 1176 1072 1222 et
1110 1168 1464 1237 potestatibus
1497 1166 1740 1219 subditos
1766 1183 1914 1234 esse,
1953 1167 2202 1220 obedire:
2244 1167 2312 1220 ad
2341 1183 2497 1231 omne

425 1284 559 1338 opus
598 1271 789 1321 bonum
831 1272 1049 1334 paratos
1098 1279 1250 1316 esse:
1297 1257 1569 1314 neminem
1616 1261 2019 1328 blasphemare,
2074 1276 2180 1313 non
2230 1261 2496 1330 litigiosos

424 1378 566 1416 esse:
607 1377 727 1413 esse
765 1359 1066 1425 modestos,
1107 1372 1311 1410 omnem
1352 1355 1697 1408 ostendentes
1725 1355 2181 1408 mansuetudinem
2215 1357 2284 1408 ad
2313 1372 2497 1411 omnes
2581 1389 2590 1396 ·

423 1456 676 1509 homines,
753 1453 882 1505 Tale
920 1451 1045 1519 quid
1084 1458 1137 1503 et
1188 1450 1256 1502 ad
1296 1449 1568 1503 Romanos
1619 1449 1897 1503 scribitur:
1950 1448 2130 1502 Omnis
2175 1451 2348 1503 anima
2395 1466 2497 1522 po-

423 1549 702 1603 testatibus
742 1546 1107 1615 superioribus
1145 1544 1357 1597 subdita
1399 1544 1481 1596 sit.
1556 1543 1678 1595 Non
1729 1548 1812 1595 est
1860 1539 1999 1594 enim
2046 1549 2290 1611 potestas
2323 1539 2345 1574 2
2396 1545 2498 1621 nisi

421 1660 453 1695 a
490 1642 620 1695 Deo.
695 1639 846 1703 Quod
892 1638 1101 1706 quidem
1152 1642 1499 1706 praeceptum
1549 1643 1603 1688 et
1652 1637 1738 1689 hic
1789 1642 1843 1688 et
1891 1637 1962 1689 ibi
2014 1643 2311 1705 propterea
2358 1639 2493 1707 put'o

425 1734 646 1801 editum,
686 1734 807 1801 quia
844 1732 1018 1786 Judae
1059 1732 1282 1784 Galilaei
1321 1749 1420 1800 per
1457 1731 1590 1783 illud
1639 1738 1851 1798 tempus
1892 1729 2089 1798 dogma
2126 1731 2304 1784 adhuc
2344 1732 2497 1800 vige-

424 1832 537 1896 bat,
578 1835 630 1881 et
666 1829 899 1881 habebat
936 1828 1190 1896 plurimos
1223 1832 1550 1892 sectatoreS,
1585 1822 1758 1894 'cujus
1810 1835 1864 1879 et
1910 1827 1964 1878 in
2013 1827 2219 1880 actibus
2251 1827 2498 1895 Aposto-

423 1924 591 1976 lorum
625 1920 648 1954 3
684 1921 743 1974 fit
779 1922 999 1987 mentio,
1047 1919 1324 1988 Scriptura
1365 1920 1660 1972 referente:
1713 1917 1890 1989 „Ante
1930 1920 2030 1972 hos
2068 1920 2206 1972 enim
2238 1919 2354 1973 dies
2379 1936 2499 1973 sur-

423 2017 563 2068 rexit
616 2015 865 2068 Theodas
918 2014 1126 2081 dicenS,
1192 2013 1591 2089 quemdam-se
1638 2029 1759 2066 esse
1804 2030 2082 2082 magnum,
2139 2014 2223 2067 cui
2266 2004 2497 2083 appositi

427 2114 547 2161 sunt
585 2108 686 2160 viri
719 2108 868 2175 quasi
895 2109 996 2160 tria
1020 2108 1213 2175 millia„
1255 2113 1309 2160 et
1350 2115 1507 2176 „post
1545 2109 1686 2161 hunc
1726 2110 1961 2161 surrexit
1998 2110 2051 2160 in
2079 2108 2267 2162 diebus
2305 2120 2530 2170 census

424 2202 594 2255 Judas
651 2202 951 2270 GalilaeuS„
1010 2203 1096 2270 qui
1134 2203 1271 2255 inter
1311 2208 1494 2255 cetera
1535 2203 1639 2255 hoc
1677 2203 1827 2271 quasi
1864 2203 2146 2271 probabile
2186 2203 2500 2271 proferebat

424 2313 491 2348 ex
528 2296 676 2363 lege,
716 2295 912 2348 nullum
955 2295 1155 2349 debere
1200 2296 1468 2349 dominum
1507 2297 1609 2348 nisi
1647 2297 1819 2349 solum
1859 2296 2027 2349 Deum
2066 2298 2277 2350 vocari:
2318 2303 2371 2356 et
2404 2311 2531 2350 eos

425 2389 511 2456 qui
551 2389 618 2441 ad
665 2390 914 2457 templum
961 2389 1194 2442 decimas
1247 2389 1544 2455 deferrent,
1598 2389 1821 2442 Caesari
1866 2391 2061 2443 tributa
2108 2390 2498 2460 non-reddere.

425 2482 572 2545 Quae
609 2483 847 2535 haeresis
884 2484 938 2535 in
977 2489 1174 2536 tantum
1210 2491 1485 2551 creverat,
1525 2490 1583 2535 ut
1620 2484 1778 2536 etiam
1821 2483 2227 2551 pharisaeorum
2273 2490 2327 2536 et
2364 2484 2498 2538 mul-

424 2734 479 2787 2)
511 2731 721 2777 Christus
754 2732 967 2777 salvator
1000 2737 1047 2778 et
1078 2732 1396 2779 sanctificator
1440 2731 1528 2777 fuit
1559 2738 1606 2777 et
1647 2737 1719 2777 est
1750 2748 1842 2778 non
1875 2734 2171 2792 singulorum·
2211 2738 2386 2779 tantum
2417 2735 2500 2780 ho-

426 2804 593 2847 minum
625 2817 857 2860 seorsum,
889 2819 1046 2849 verum
1079 2806 1291 2850 salvator
1316 2810 1364 2851 et
1394 2803 1714 2850 sanctificator
1756 2804 1844 2851 fuit
1885 2810 1933 2850 et
1975 2811 2048 2851 est
2088 2807 2389 2852 humanitatis
2427 2812 2501 2853 to-

427 2875 517 2920 tius
549 2868 770 2934 quatenus
810 2891 943 2922 unam
984 2877 1131 2922 efficit
1174 2877 1418 2936 familiam;
1466 2877 1555 2923 fuit
1583 2884 1718 2937 “ergo
1766 2883 1814 2924 et
1852 2883 1925 2924 est
1961 2879 2176 2924 salvator
2223 2892 2405 2937 quoque
2443 2893 2500 2925 ac
2534 2920 2540 2924 .

429 2947 745 2994 sanctificator
793 2951 1029 2996 societatis
1069 2952 1315 3006 humanae,
1363 2966 1481 3008 quae
1524 2951 1730 2996 familiae
1771 2952 1995 2997 unitatem
2042 2956 2391 3009 repraesentat:
2444 2953 2502 3010 3)

430 3022 601 3067 Christi
642 3023 851 3067 doctrina
891 3028 937 3068 et
977 3025 1192 3081 operatio
1232 3025 1291 3069 ad
1332 3028 1478 3069 totum
1511 3030 1695 3082 spectat
1735 3025 1985 3081 hominem,
2026 3014 2172 3069 totum
2211 3025 2365 3069 velut?
2395 3037 2500 3082 per-

429 3094 557 3139 vadit
585 3108 641 3139 ac
670 3101 908 3154 penetrat,
937 3098 1088 3143 omnia
1119 3112 1237 3156 quae
1261 3099 1365 3158 ejus
1399 3102 1504 3143 sunt
1525 3096 1686 3154 afficit,
1719 3103 1766 3142 et
1789 3099 1848 3142 ad
1880 3097 2034 3142 omnia
2057 3111 2107 3142 se
2132 3096 2349 3153 extendit,
2381 3111 2500 3156 quae

429 3167 489 3210 ad
531 3167 657 3211 illius
701 3169 842 3213 vitam
882 3170 980 3213 sive
1024 3170 1252 3214 internam
1295 3172 1395 3215 sive
1435 3175 1673 3215 externam
1703 3174 1929 3227 spectant.
1989 3170 2114 3215 Fieri
2159 3183 2278 3228 ergo
2326 3170 2500 3228 nequit,

426 3239 835 3295 quinoeconomia
866 3241 1036 3286 Christi
1069 3244 1128 3286 ad
1157 3244 1243 3287 illa
1275 3257 1457 3301 quoque
1491 3248 1637 3302 semet
1675 3243 1912 3301 porrigat,
1960 3256 2079 3301 quae
2121 3242 2316 3300 propria
2345 3242 2501 3286 dicun-

425 3314 502 3354 tur
531 3311 769 3356 societatis
792 3313 1018 3370 profanae
1043 3316 1142 3359 sive
1160 3317 1333 3361 civilis:
1367 3315 1469 3361 fieri
1487 3317 1668 3374 nequit,
1700 3321 1751 3361 ut
1779 3317 1882 3360 sive
1905 3305 2038 3360 locus
2062 3315 2161 3370 sive
2186 3319 2366 3371 tempus
2394 3314 2497 3358 sive

427 3383 623 3428 humana
655 3384 789 3428 detur
821 3387 968 3441 actio,
1000 3401 1090 3443 quo
1122 3389 1201 3432 vel
1222 3389 1406 3446 quando
1440 3389 1516 3432 vel
1541 3403 1673 3446 quam
1699 3389 2006 3447 suscipientes
2023 3388 2232 3432 homines
2258 3387 2502 3432 christiani

426 3466 455 3497 a
496 3456 751 3500 christiana
796 3457 900 3516 lege
943 3463 990 3503 et
1028 3462 1300 3505 oeconomia
1340 3463 1524 3519 possint
1574 3467 1654 3507 aut
1700 3463 1900 3507 debeant
1944 3461 2216 3518 simpliciter
2263 3460 2501 3518 praescin-

427 3527 536 3571 dere
565 3537 623 3572 ac·
652 3529 832 3586 penitus
863 3533 1176 3588 supersedere.
1226 3535 1394 3592 „Ordo
1428 3535 1711 3593 servandus„
1746 3523 1819 3579 est
1848 3535 2066 3592 princeps
2100 3531 2226 3593 juris
2270 3530 2527 3577 naturalis

371 3626 373 3628 -
428 3600 524 3645 lex:
565 3600 649 3644 sed
675 3602 792 3646 ordo
832 3603 1090 3659 institutus,
1137 3606 1214 3662 qui
1255 3606 1477 3651 historice
1521 3608 1725 3662 exsistit,
1771 3621 1995 3664 quemque
2041 3608 2179 3651 homo
2218 3605 2498 3649 christianus

427 3674 663 3731 amplexus
693 3680 787 3731 est,
830 3690 920 3721 non
953 3681 1024 3721 est
1048 3678 1166 3722 alius
1197 3694 1331 3736 quam
1361 3681 1477 3725 ordo
1509 3681 1687 3726 Christi
1717 3680 1920 3735 Domini,
1963 3679 2081 3723 ordo
2114 3678 2415 3733 christianus3
2453 3675 2496 3720 is

362 3802 367 3806 ι
428 3758 544 3803 ergo
576 3748 831 3791 servandus
864 3762 1060 3806 semper,
1091 3755 1138 3795 et
1153 3749 1363 3809 nuspiam
1392 3766 1448 3796 ac
1464 3766 1694 3811 nunquam
1717 3752 2009 3810 seponendus
2032 3750 2110 3793 vel
2133 3745 2487 3794 oblitterandus.

547 3818 564 3846 1
596 3818 719 3862 com.
748 3820 795 3863 in
826 3833 897 3877 ep.
929 3821 988 3864 ad
1019 3822 1106 3865 Tit.
1141 3822 1220 3867 nb.
1252 3837 1288 3868 c.
1319 3825 1390 3869 111.
1420 3838 1495 3868 vv.
1529 3828 1568 3869 1.
1598 3828 1640 3870 2.
1673 3825 1743 3869 ed.
1773 3825 1929 3882 migne
1959 3813 2185 3878 t.V11.‘p·.
2208 3823 2298 3866 590
2329 3821 2420 3867 001.
2451 3824 2494 3864 2.

548 3890 566 3917 2
594 3890 722 3934 Rom.
752 3891 867 3937 Xlll.
902 3896 941 3937 1.
2101 3923 2104 3926 ⁴

548 3961 567 3991 ³
595 3963 697 4006 Act.
727 3964 780 4007 V.
809 3965 878 4008 36.
