<?xml version="1.0" encoding="UTF-8"?>
<!DOCTYPE html PUBLIC "-//W3C//DTD XHTML 1.0 Transitional//EN"
    "http://www.w3.org/TR/xhtml1/DTD/xhtml1-transitional.dtd">
<html xmlns="http://www.w3.org/1999/xhtml" xml:lang="en" lang="en">
 <head>
  <title>
</title>
<meta http-equiv="Content-Type" content="text/html;charset=utf-8" />
  <meta name='ocr-system' content='tesseract 3.04.00' />
  <meta name='ocr-capabilities' content='ocr_page ocr_carea ocr_par ocr_line ocrx_word'/>
</head>
<body>
  <div class='ocr_page' id='page_1' title='image "a607958700schruoft_0298.png"; bbox 0 0 2716 4446; ppageno 0'>
   <div class='ocr_carea' id='block_1_1' title="bbox 184 321 525 364">
    <p class='ocr_par' dir='ltr' id='par_1_1' title="bbox 184 321 525 364">
     <span class='ocr_line' id='line_1_1' title="bbox 184 321 525 364; baseline 0.003 -8"><span class='ocrx_word' id='word_1_1' title='bbox 184 321 349 356; x_wconf 76' lang='lat' dir='ltr'>Eiuedem</span> <span class='ocrx_word' id='word_1_2' title='bbox 369 321 525 364; x_wconf 65' lang='lat' dir='ltr'>fructus.</span> 
     </span>
    </p>
   </div>
   <div class='ocr_carea' id='block_1_2' title="bbox 195 2591 492 2635">
    <p class='ocr_par' dir='ltr' id='par_1_2' title="bbox 195 2591 492 2635">
     <span class='ocr_line' id='line_1_2' title="bbox 195 2591 492 2635; baseline 0.01 -11"><span class='ocrx_word' id='word_1_3' title='bbox 195 2591 323 2635; x_wconf 74' lang='lat' dir='ltr'>Synod-</span> <span class='ocrx_word' id='word_1_4' title='bbox 342 2593 492 2628; x_wconf 79' lang='lat' dir='ltr'><em>antioch.</em></span> 
     </span>
    </p>
   </div>
   <div class='ocr_carea' id='block_1_3' title="bbox 224 3027 470 3111">
    <p class='ocr_par' dir='ltr' id='par_1_3' title="bbox 224 3027 470 3111">
     <span class='ocr_line' id='line_1_3' title="bbox 282 3027 415 3068; baseline 0.015 -9"><span class='ocrx_word' id='word_1_5' title='bbox 282 3027 415 3068; x_wconf 79' lang='lat' dir='ltr'>Synodi</span> 
     </span>
     <span class='ocr_line' id='line_1_4' title="bbox 224 3073 470 3111; baseline 0 -8"><span class='ocrx_word' id='word_1_6' title='bbox 224 3073 470 3111; x_wconf 62' lang='lat' dir='ltr'>provinciales.</span> 
     </span>
    </p>
   </div>
   <div class='ocr_carea' id='block_1_4' title="bbox 219 3611 482 3643">
    <p class='ocr_par' dir='ltr' id='par_1_4' title="bbox 219 3611 482 3643">
     <span class='ocr_line' id='line_1_5' title="bbox 219 3611 482 3643; baseline 0.004 -1"><span class='ocrx_word' id='word_1_7' title='bbox 219 3611 315 3642; x_wconf 80' lang='lat' dir='ltr'>Cone.</span> <span class='ocrx_word' id='word_1_8' title='bbox 347 3611 482 3643; x_wconf 65' lang='lat' dir='ltr'>trident.</span> 
     </span>
    </p>
   </div>
   <div class='ocr_carea' id='block_1_5' title="bbox 202 3826 502 3867">
    <p class='ocr_par' dir='ltr' id='par_1_5' title="bbox 202 3826 502 3867">
     <span class='ocr_line' id='line_1_6' title="bbox 202 3826 502 3867; baseline 0.003 -11"><span class='ocrx_word' id='word_1_9' title='bbox 202 3826 268 3856; x_wconf 85' lang='lat' dir='ltr'>TT.</span> <span class='ocrx_word' id='word_1_10' title='bbox 293 3826 502 3867; x_wconf 75' lang='lat' dir='ltr'>Wirceburq.</span> 
     </span>
    </p>
   </div>
   <div class='ocr_carea' id='block_1_6' title="bbox 175 3938 520 3979">
    <p class='ocr_par' dir='ltr' id='par_1_6' title="bbox 175 3938 520 3979">
     <span class='ocr_line' id='line_1_7' title="bbox 175 3938 520 3979; baseline 0.006 -9"><span class='ocrx_word' id='word_1_11' title='bbox 175 3938 420 3978; x_wconf 57' lang='lat' dir='ltr'>Episcoyomm</span> <span class='ocrx_word' id='word_1_12' title='bbox 453 3950 520 3979; x_wconf 81' lang='lat' dir='ltr'>per</span> 
     </span>
    </p>
   </div>
   <div class='ocr_carea' id='block_1_7' title="bbox 1408 167 1757 228">
    <p class='ocr_par' dir='ltr' id='par_1_7' title="bbox 1408 167 1757 228">
     <span class='ocr_line' id='line_1_8' title="bbox 1408 167 1757 228; baseline 0.009 -19"><span class='ocrx_word' id='word_1_13' title='bbox 1408 167 1757 228; x_wconf 73' lang='lat'>-55-</span> 
     </span>
    </p>
   </div>
   <div class='ocr_carea' id='block_1_8' title="bbox 543 306 2613 483">
    <p class='ocr_par' dir='ltr' id='par_1_8' title="bbox 543 306 2613 483">
     <span class='ocr_line' id='line_1_9' title="bbox 716 306 2613 387; baseline 0.007 -25"><span class='ocrx_word' id='word_1_14' title='bbox 716 307 801 364; x_wconf 89' lang='grc'>61.</span> <span class='ocrx_word' id='word_1_15' title='bbox 831 306 1011 375; x_wconf 79' lang='lat' dir='ltr'>Quare</span> <span class='ocrx_word' id='word_1_16' title='bbox 1039 307 1183 380; x_wconf 92' lang='lat' dir='ltr'>quod</span> <span class='ocrx_word' id='word_1_17' title='bbox 1207 327 1306 381; x_wconf 89' lang='lat' dir='ltr'>per</span> <span class='ocrx_word' id='word_1_18' title='bbox 1329 309 1452 365; x_wconf 90' lang='lat' dir='ltr'>illos</span> <span class='ocrx_word' id='word_1_19' title='bbox 1491 311 1889 384; x_wconf 82' lang='lat' dir='ltr'><strong>intendebatur,</strong></span> <span class='ocrx_word' id='word_1_20' title='bbox 1917 313 2170 387; x_wconf 88' lang='lat' dir='ltr'>quodque</span> <span class='ocrx_word' id='word_1_21' title='bbox 2209 314 2278 371; x_wconf 89' lang='lat' dir='ltr'>ab</span> <span class='ocrx_word' id='word_1_22' title='bbox 2319 317 2613 376; x_wconf 89' lang='lat' dir='ltr'>eorundem</span> 
     </span>
     <span class='ocr_line' id='line_1_10' title="bbox 543 401 2613 483; baseline 0.006 -28"><span class='ocrx_word' id='word_1_23' title='bbox 543 401 920 455; x_wconf 88' lang='lat' dir='ltr'>observatione</span> <span class='ocrx_word' id='word_1_24' title='bbox 941 420 1208 456; x_wconf 88' lang='lat' dir='ltr'>canonum</span> <span class='ocrx_word' id='word_1_25' title='bbox 1227 403 1516 475; x_wconf 80' lang='lat' dir='ltr'>pendebat,</span> <span class='ocrx_word' id='word_1_26' title='bbox 1535 407 1815 476; x_wconf 88' lang='lat' dir='ltr'>regiminis</span> <span class='ocrx_word' id='word_1_27' title='bbox 1843 406 2201 463; x_wconf 89' lang='lat' dir='ltr'>ecclesiastici</span> <span class='ocrx_word' id='word_1_28' title='bbox 2226 409 2284 463; x_wconf 91' lang='lat' dir='ltr'>in</span> <span class='ocrx_word' id='word_1_29' title='bbox 2310 413 2502 483; x_wconf 85' lang='lat' dir='ltr'>quavis</span> <span class='ocrx_word' id='word_1_30' title='bbox 2528 432 2613 468; x_wconf 90' lang='lat' dir='ltr'>ec-</span> 
     </span>
    </p>
   </div>
   <div class='ocr_carea' id='block_1_9' title="bbox 537 495 2616 1232">
    <p class='ocr_par' dir='ltr' id='par_1_9' title="bbox 537 495 2616 1232">
     <span class='ocr_line' id='line_1_11' title="bbox 542 495 2614 571; baseline 0.007 -23"><span class='ocrx_word' id='word_1_31' title='bbox 542 495 742 549; x_wconf 89' lang='lat' dir='ltr'>clesiae</span> <span class='ocrx_word' id='word_1_32' title='bbox 767 497 1050 567; x_wconf 88' lang='lat' dir='ltr'>provincia</span> <span class='ocrx_word' id='word_1_33' title='bbox 1089 497 1435 552; x_wconf 83' lang='lat' dir='ltr'><strong>conformitas</strong></span> <span class='ocrx_word' id='word_1_34' title='bbox 1475 506 1590 553; x_wconf 90' lang='lat' dir='ltr'>erat</span> <span class='ocrx_word' id='word_1_35' title='bbox 1617 500 1954 571; x_wconf 68' lang='lat' dir='ltr'>spectabilia,</span> <span class='ocrx_word' id='word_1_36' title='bbox 1977 509 2031 556; x_wconf 93' lang='lat' dir='ltr'>et</span> <span class='ocrx_word' id='word_1_37' title='bbox 2051 505 2425 560; x_wconf 89' lang='lat' dir='ltr'>commendata</span> <span class='ocrx_word' id='word_1_38' title='bbox 2443 513 2614 562; x_wconf 85' lang='lat' dir='ltr'>tanto-</span> 
     </span>
     <span class='ocr_line' id='line_1_12' title="bbox 539 589 2616 674; baseline 0.006 -31"><span class='ocrx_word' id='word_1_39' title='bbox 539 609 668 661; x_wconf 88' lang='lat' dir='ltr'>pere</span> <span class='ocrx_word' id='word_1_40' title='bbox 708 589 776 643; x_wconf 90' lang='lat' dir='ltr'>ab</span> <span class='ocrx_word' id='word_1_41' title='bbox 814 589 1077 662; x_wconf 88' lang='lat' dir='ltr'>Apostolo</span> <span class='ocrx_word' id='word_1_42' title='bbox 1116 590 1350 646; x_wconf 89' lang='lat' dir='ltr'>visibilis</span> <span class='ocrx_word' id='word_1_43' title='bbox 1389 594 1583 663; x_wconf 90' lang='lat' dir='ltr'>unitas,</span> <span class='ocrx_word' id='word_1_44' title='bbox 1625 613 1732 666; x_wconf 88' lang='lat' dir='ltr'>qua</span> <span class='ocrx_word' id='word_1_45' title='bbox 1770 614 1880 650; x_wconf 92' lang='lat' dir='ltr'>non</span> <span class='ocrx_word' id='word_1_46' title='bbox 1916 597 2095 652; x_wconf 91' lang='lat' dir='ltr'>minus</span> <span class='ocrx_word' id='word_1_47' title='bbox 2136 598 2414 654; x_wconf 80' lang='lat' dir='ltr'>dioeceses</span> <span class='ocrx_word' id='word_1_48' title='bbox 2453 619 2616 674; x_wconf 91' lang='lat' dir='ltr'>quam</span> 
     </span>
     <span class='ocr_line' id='line_1_13' title="bbox 539 684 2615 769; baseline 0.008 -33"><span class='ocrx_word' id='word_1_49' title='bbox 539 685 854 754; x_wconf 89' lang='lat' dir='ltr'>provinciae</span> <span class='ocrx_word' id='word_1_50' title='bbox 894 684 1299 739; x_wconf 86' lang='lat' dir='ltr'>ecclesiasticae</span> <span class='ocrx_word' id='word_1_51' title='bbox 1338 693 1598 759; x_wconf 89' lang='lat' dir='ltr'>tanquam</span> <span class='ocrx_word' id='word_1_52' title='bbox 1635 696 1819 760; x_wconf 82' lang='lat' dir='ltr'>partes</span> <span class='ocrx_word' id='word_1_53' title='bbox 1857 708 2021 745; x_wconf 85' lang='lat' dir='ltr'>verae</span> <span class='ocrx_word' id='word_1_54' title='bbox 2049 694 2165 746; x_wconf 88' lang='lat' dir='ltr'>veri</span> <span class='ocrx_word' id='word_1_55' title='bbox 2191 691 2396 748; x_wconf 83' lang='lat' dir='ltr'>Christi</span> <span class='ocrx_word' id='word_1_56' title='bbox 2431 699 2615 769; x_wconf 87' lang='lat' dir='ltr'>gregis</span> 
     </span>
     <span class='ocr_line' id='line_1_14' title="bbox 537 777 2609 857; baseline 0.007 -27"><span class='ocrx_word' id='word_1_57' title='bbox 537 777 999 848; x_wconf 86' lang='lat' dir='ltr'>dignoscerentur.</span> <span class='ocrx_word' id='word_1_58' title='bbox 1077 779 1230 847; x_wconf 75' lang='lat' dir='ltr'>Quae</span> <span class='ocrx_word' id='word_1_59' title='bbox 1270 783 1406 835; x_wconf 90' lang='lat' dir='ltr'>ratio</span> <span class='ocrx_word' id='word_1_60' title='bbox 1447 801 1614 854; x_wconf 93' lang='lat' dir='ltr'>quum</span> <span class='ocrx_word' id='word_1_61' title='bbox 1651 786 1788 838; x_wconf 87' lang='lat' dir='ltr'>tanti</span> <span class='ocrx_word' id='word_1_62' title='bbox 1828 786 1898 837; x_wconf 90' lang='lat' dir='ltr'>sit</span> <span class='ocrx_word' id='word_1_63' title='bbox 1936 794 1990 840; x_wconf 92' lang='lat' dir='ltr'>et</span> <span class='ocrx_word' id='word_1_64' title='bbox 2015 785 2212 857; x_wconf 87' lang='lat' dir='ltr'>valeat,</span> <span class='ocrx_word' id='word_1_65' title='bbox 2251 789 2449 844; x_wconf 91' lang='lat' dir='ltr'>mirum</span> <span class='ocrx_word' id='word_1_66' title='bbox 2487 809 2609 845; x_wconf 84' lang='lat' dir='ltr'>esse</span> 
     </span>
     <span class='ocr_line' id='line_1_15' title="bbox 537 871 2612 947; baseline 0.008 -24"><span class='ocrx_word' id='word_1_67' title='bbox 537 871 740 924; x_wconf 89' lang='lat' dir='ltr'>nemini</span> <span class='ocrx_word' id='word_1_68' title='bbox 791 871 985 940; x_wconf 90' lang='lat' dir='ltr'>debet,</span> <span class='ocrx_word' id='word_1_69' title='bbox 1045 893 1255 929; x_wconf 88' lang='lat' dir='ltr'>summo</span> <span class='ocrx_word' id='word_1_70' title='bbox 1314 894 1529 947; x_wconf 90' lang='lat' dir='ltr'>semper</span> <span class='ocrx_word' id='word_1_71' title='bbox 1585 877 1763 931; x_wconf 88' lang='lat' dir='ltr'>studio</span> <span class='ocrx_word' id='word_1_72' title='bbox 1821 885 2039 933; x_wconf 89' lang='lat' dir='ltr'>cautum</span> <span class='ocrx_word' id='word_1_73' title='bbox 2096 881 2360 938; x_wconf 88' lang='lat' dir='ltr'>ecclesiae</span> <span class='ocrx_word' id='word_1_74' title='bbox 2418 886 2612 939; x_wconf 90' lang='lat' dir='ltr'>consti-</span> 
     </span>
     <span class='ocr_line' id='line_1_16' title="bbox 537 966 2612 1052; baseline 0.009 -35"><span class='ocrx_word' id='word_1_75' title='bbox 537 966 836 1020; x_wconf 88' lang='lat' dir='ltr'>tutionibus</span> <span class='ocrx_word' id='word_1_76' title='bbox 869 968 905 1040; x_wconf 88' lang='lat'>¹)</span> <span class='ocrx_word' id='word_1_77' title='bbox 945 968 1129 1037; x_wconf 84' lang='lat' dir='ltr'>fuisse,</span> <span class='ocrx_word' id='word_1_78' title='bbox 1168 977 1228 1023; x_wconf 93' lang='lat' dir='ltr'>ut</span> <span class='ocrx_word' id='word_1_79' title='bbox 1265 971 1546 1025; x_wconf 89' lang='lat' dir='ltr'>vinculum</span> <span class='ocrx_word' id='word_1_80' title='bbox 1583 971 1690 1026; x_wconf 90' lang='lat' dir='ltr'>tale</span> <span class='ocrx_word' id='word_1_81' title='bbox 1741 981 2095 1047; x_wconf 88' lang='lat' dir='ltr'>mutuumque</span> <span class='ocrx_word' id='word_1_82' title='bbox 2151 978 2292 1031; x_wconf 91' lang='lat' dir='ltr'>inter</span> <span class='ocrx_word' id='word_1_83' title='bbox 2329 979 2612 1052; x_wconf 88' lang='lat' dir='ltr'>episcopos</span> 
     </span>
     <span class='ocr_line' id='line_1_17' title="bbox 537 1063 2612 1147; baseline 0.008 -34"><span class='ocrx_word' id='word_1_84' title='bbox 537 1063 920 1115; x_wconf 80' lang='lat' dir='ltr'>commercium</span> <span class='ocrx_word' id='word_1_85' title='bbox 959 1073 1400 1134; x_wconf 87' lang='lat' dir='ltr'>conservaretur,</span> <span class='ocrx_word' id='word_1_86' title='bbox 1461 1086 1566 1138; x_wconf 90' lang='lat' dir='ltr'>quo</span> <span class='ocrx_word' id='word_1_87' title='bbox 1619 1069 1891 1122; x_wconf 89' lang='lat' dir='ltr'>actionum</span> <span class='ocrx_word' id='word_1_88' title='bbox 1930 1069 2077 1141; x_wconf 91' lang='lat' dir='ltr'>apud</span> <span class='ocrx_word' id='word_1_89' title='bbox 2114 1090 2300 1127; x_wconf 89' lang='lat' dir='ltr'>omnes</span> <span class='ocrx_word' id='word_1_90' title='bbox 2337 1074 2612 1147; x_wconf 86' lang='lat' dir='ltr'>totiusque</span> 
     </span>
     <span class='ocr_line' id='line_1_18' title="bbox 537 1157 2075 1232; baseline 0.007 -25"><span class='ocrx_word' id='word_1_91' title='bbox 537 1158 782 1216; x_wconf 79' lang='grc' dir='ltr'><strong><em>πολιτείας</em></strong></span> <span class='ocrx_word' id='word_1_92' title='bbox 805 1157 849 1231; x_wconf 74' lang='lat'>⁹)</span> <span class='ocrx_word' id='word_1_93' title='bbox 891 1167 1185 1213; x_wconf 86' lang='lat' dir='ltr'>concentus</span> <span class='ocrx_word' id='word_1_94' title='bbox 1224 1166 1386 1232; x_wconf 89' lang='lat' dir='ltr'>atque</span> <span class='ocrx_word' id='word_1_95' title='bbox 1426 1161 1717 1215; x_wconf 90' lang='lat' dir='ltr'>concordia</span> <span class='ocrx_word' id='word_1_96' title='bbox 1756 1161 2075 1219; x_wconf 87' lang='lat' dir='ltr'>efficeretur.</span> 
     </span>
    </p>
   </div>
   <div class='ocr_carea' id='block_1_10' title="bbox 1091 1317 2050 1391">
    <p class='ocr_par' dir='ltr' id='par_1_10' title="bbox 1091 1317 2050 1391">
     <span class='ocr_line' id='line_1_19' title="bbox 1091 1317 2050 1391; baseline 0.007 -20"><span class='ocrx_word' id='word_1_97' title='bbox 1091 1318 1191 1373; x_wconf 83' lang='lat'>111.</span> <span class='ocrx_word' id='word_1_98' title='bbox 1242 1317 1459 1373; x_wconf 84' lang='lat' dir='ltr'>Sedes</span> <span class='ocrx_word' id='word_1_99' title='bbox 1496 1320 2050 1391; x_wconf 87' lang='lat' dir='ltr'>patriarchales.</span> 
     </span>
    </p>
   </div>
   <div class='ocr_carea' id='block_1_11' title="bbox 532 1477 2612 2121">
    <p class='ocr_par' dir='ltr' id='par_1_11' title="bbox 532 1477 2612 2121">
     <span class='ocr_line' id='line_1_20' title="bbox 710 1477 2609 1554; baseline 0.006 -23"><span class='ocrx_word' id='word_1_100' title='bbox 710 1478 796 1533; x_wconf 87' lang='grc'>62.</span> <span class='ocrx_word' id='word_1_101' title='bbox 816 1477 1110 1532; x_wconf 87' lang='lat' dir='ltr'>Enimvero</span> <span class='ocrx_word' id='word_1_102' title='bbox 1131 1498 1304 1552; x_wconf 90' lang='lat' dir='ltr'>aeque</span> <span class='ocrx_word' id='word_1_103' title='bbox 1326 1479 1481 1534; x_wconf 85' lang='lat' dir='ltr'>abest</span> <span class='ocrx_word' id='word_1_104' title='bbox 1500 1500 1532 1534; x_wconf 90' lang='lat' dir='ltr'>a</span> <span class='ocrx_word' id='word_1_105' title='bbox 1553 1479 1758 1535; x_wconf 81' lang='lat' dir='ltr'>Christi</span> <span class='ocrx_word' id='word_1_106' title='bbox 1779 1500 2004 1554; x_wconf 91' lang='lat' dir='ltr'>corpore</span> <span class='ocrx_word' id='word_1_107' title='bbox 2027 1482 2392 1539; x_wconf 91' lang='lat' dir='ltr'>membrorum</span> <span class='ocrx_word' id='word_1_108' title='bbox 2411 1486 2609 1551; x_wconf 86' lang='lat' dir='ltr'>divisio</span> 
     </span>
     <span class='ocr_line' id='line_1_21' title="bbox 536 1570 2611 1650; baseline 0.005 -25"><span class='ocrx_word' id='word_1_109' title='bbox 536 1577 697 1642; x_wconf 90' lang='lat' dir='ltr'>atque</span> <span class='ocrx_word' id='word_1_110' title='bbox 735 1571 952 1625; x_wconf 90' lang='lat' dir='ltr'>illorum</span> <span class='ocrx_word' id='word_1_111' title='bbox 990 1574 1262 1644; x_wconf 71' lang='lat' dir='ltr'>confusio,</span> <span class='ocrx_word' id='word_1_112' title='bbox 1321 1583 1634 1647; x_wconf 89' lang='lat' dir='ltr'>comparata</span> <span class='ocrx_word' id='word_1_113' title='bbox 1672 1584 1854 1630; x_wconf 90' lang='lat' dir='ltr'>autem</span> <span class='ocrx_word' id='word_1_114' title='bbox 1894 1578 1972 1630; x_wconf 90' lang='lat' dir='ltr'>sic</span> <span class='ocrx_word' id='word_1_115' title='bbox 2013 1570 2137 1631; x_wconf 73' lang='lat' dir='ltr'>Sunt</span> <span class='ocrx_word' id='word_1_116' title='bbox 2174 1580 2383 1650; x_wconf 85' lang='lat' dir='ltr'>omnia,</span> <span class='ocrx_word' id='word_1_117' title='bbox 2442 1587 2502 1635; x_wconf 93' lang='lat' dir='ltr'>ut</span> <span class='ocrx_word' id='word_1_118' title='bbox 2539 1581 2611 1636; x_wconf 87' lang='lat' dir='ltr'>ad</span> 
     </span>
     <span class='ocr_line' id='line_1_22' title="bbox 534 1666 2610 1739; baseline 0.005 -20"><span class='ocrx_word' id='word_1_119' title='bbox 534 1666 790 1719; x_wconf 90' lang='lat' dir='ltr'>unionem</span> <span class='ocrx_word' id='word_1_120' title='bbox 829 1666 1119 1738; x_wconf 86' lang='lat' dir='ltr'>adspirent,</span> <span class='ocrx_word' id='word_1_121' title='bbox 1180 1668 1275 1722; x_wconf 91' lang='lat' dir='ltr'>sed</span> <span class='ocrx_word' id='word_1_122' title='bbox 1315 1688 1435 1722; x_wconf 92' lang='lat' dir='ltr'>eam</span> <span class='ocrx_word' id='word_1_123' title='bbox 1471 1668 1597 1721; x_wconf 77' lang='grc' dir='ltr'><em>κατὰ</em></span> <span class='ocrx_word' id='word_1_124' title='bbox 1636 1669 1791 1739; x_wconf 78' lang='grc' dir='ltr'><em>τάξιν,</em></span> <span class='ocrx_word' id='word_1_125' title='bbox 1833 1690 1956 1724; x_wconf 92' lang='lat' dir='ltr'>cum</span> <span class='ocrx_word' id='word_1_126' title='bbox 1994 1671 2184 1726; x_wconf 90' lang='lat' dir='ltr'>ordine</span> <span class='ocrx_word' id='word_1_127' title='bbox 2222 1674 2479 1728; x_wconf 88' lang='lat' dir='ltr'>vinctam.</span> <span class='ocrx_word' id='word_1_128' title='bbox 2557 1675 2610 1731; x_wconf 90' lang='lat' dir='ltr'>A</span> 
     </span>
     <span class='ocr_line' id='line_1_23' title="bbox 536 1761 2608 1837; baseline 0.004 -21"><span class='ocrx_word' id='word_1_129' title='bbox 536 1780 640 1835; x_wconf 90' lang='lat' dir='ltr'>quo</span> <span class='ocrx_word' id='word_1_130' title='bbox 681 1761 886 1816; x_wconf 88' lang='lat' dir='ltr'>ordinis</span> <span class='ocrx_word' id='word_1_131' title='bbox 924 1763 1248 1836; x_wconf 87' lang='lat' dir='ltr'>unionisque</span> <span class='ocrx_word' id='word_1_132' title='bbox 1286 1764 1571 1835; x_wconf 90' lang='lat' dir='ltr'>principio,</span> <span class='ocrx_word' id='word_1_133' title='bbox 1601 1765 1747 1836; x_wconf 94' lang='lat' dir='ltr'>quod</span> <span class='ocrx_word' id='word_1_134' title='bbox 1786 1767 2063 1837; x_wconf 89' lang='lat' dir='ltr'>proprium</span> <span class='ocrx_word' id='word_1_135' title='bbox 2092 1766 2356 1822; x_wconf 89' lang='lat' dir='ltr'>ecclesiae</span> <span class='ocrx_word' id='word_1_136' title='bbox 2395 1768 2503 1822; x_wconf 93' lang='lat' dir='ltr'>Dei</span> <span class='ocrx_word' id='word_1_137' title='bbox 2529 1771 2608 1824; x_wconf 92' lang='lat' dir='ltr'>in-</span> 
     </span>
     <span class='ocr_line' id='line_1_24' title="bbox 535 1857 2608 1934; baseline 0.004 -25"><span class='ocrx_word' id='word_1_138' title='bbox 535 1857 804 1929; x_wconf 88' lang='lat' dir='ltr'>situmque</span> <span class='ocrx_word' id='word_1_139' title='bbox 826 1864 922 1926; x_wconf 88' lang='lat' dir='ltr'>est,</span> <span class='ocrx_word' id='word_1_140' title='bbox 944 1859 1120 1928; x_wconf 88' lang='lat' dir='ltr'>repeti</span> <span class='ocrx_word' id='word_1_141' title='bbox 1144 1858 1382 1929; x_wconf 86' lang='lat' dir='ltr'>profecto</span> <span class='ocrx_word' id='word_1_142' title='bbox 1404 1858 1541 1912; x_wconf 91' lang='lat' dir='ltr'>illud</span> <span class='ocrx_word' id='word_1_143' title='bbox 1559 1860 1765 1930; x_wconf 84' lang='lat' dir='ltr'>pariter</span> <span class='ocrx_word' id='word_1_144' title='bbox 1784 1859 1961 1928; x_wconf 90' lang='lat' dir='ltr'>debet,</span> <span class='ocrx_word' id='word_1_145' title='bbox 1984 1868 2044 1914; x_wconf 93' lang='lat' dir='ltr'>ut</span> <span class='ocrx_word' id='word_1_146' title='bbox 2061 1861 2202 1914; x_wconf 89' lang='lat' dir='ltr'>inter</span> <span class='ocrx_word' id='word_1_147' title='bbox 2226 1862 2608 1934; x_wconf 88' lang='lat' dir='ltr'>metropolium</span> 
     </span>
     <span class='ocr_line' id='line_1_25' title="bbox 534 1952 2612 2026; baseline 0.003 -21"><span class='ocrx_word' id='word_1_148' title='bbox 534 1953 820 2024; x_wconf 89' lang='lat' dir='ltr'>episcopos</span> <span class='ocrx_word' id='word_1_149' title='bbox 860 1952 953 2006; x_wconf 84' lang='lat' dir='ltr'>alii</span> <span class='ocrx_word' id='word_1_150' title='bbox 990 1973 1206 2007; x_wconf 91' lang='lat' dir='ltr'>rursum</span> <span class='ocrx_word' id='word_1_151' title='bbox 1233 1953 1355 2007; x_wconf 90' lang='lat' dir='ltr'>aliis</span> <span class='ocrx_word' id='word_1_152' title='bbox 1383 1955 1689 2025; x_wconf 87' lang='lat' dir='ltr'>superiores</span> <span class='ocrx_word' id='word_1_153' title='bbox 1718 1954 1787 2008; x_wconf 90' lang='lat' dir='ltr'>ab</span> <span class='ocrx_word' id='word_1_154' title='bbox 1815 1955 2052 2026; x_wconf 86' lang='lat' dir='ltr'>antiquis</span> <span class='ocrx_word' id='word_1_155' title='bbox 2078 1954 2424 2026; x_wconf 86' lang='lat' dir='ltr'>haberentur,</span> <span class='ocrx_word' id='word_1_156' title='bbox 2450 1958 2528 2012; x_wconf 86' lang='lat' dir='ltr'>ita</span> <span class='ocrx_word' id='word_1_157' title='bbox 2551 1966 2612 2013; x_wconf 86' lang='lat' dir='ltr'>ut</span> 
     </span>
     <span class='ocr_line' id='line_1_26' title="bbox 532 2046 2606 2121; baseline 0.003 -21"><span class='ocrx_word' id='word_1_158' title='bbox 532 2065 630 2119; x_wconf 91' lang='lat' dir='ltr'>per</span> <span class='ocrx_word' id='word_1_159' title='bbox 666 2046 866 2118; x_wconf 86' lang='lat' dir='ltr'>gradus</span> <span class='ocrx_word' id='word_1_160' title='bbox 891 2048 935 2121; x_wconf 79' lang='lat'>³)</span> <span class='ocrx_word' id='word_1_161' title='bbox 975 2048 1145 2103; x_wconf 87' lang='lat' dir='ltr'>veluti</span> <span class='ocrx_word' id='word_1_162' title='bbox 1170 2069 1203 2103; x_wconf 90' lang='lat' dir='ltr'>a</span> <span class='ocrx_word' id='word_1_163' title='bbox 1227 2049 1528 2103; x_wconf 88' lang='lat' dir='ltr'>minoribus</span> <span class='ocrx_word' id='word_1_164' title='bbox 1551 2057 1605 2103; x_wconf 93' lang='lat' dir='ltr'>et</span> <span class='ocrx_word' id='word_1_165' title='bbox 1629 2051 1866 2104; x_wconf 91' lang='lat' dir='ltr'>minimis</span> <span class='ocrx_word' id='word_1_166' title='bbox 1894 2049 1964 2104; x_wconf 91' lang='lat' dir='ltr'>ad</span> <span class='ocrx_word' id='word_1_167' title='bbox 1988 2057 2175 2105; x_wconf 89' lang='lat' dir='ltr'>centra</span> <span class='ocrx_word' id='word_1_168' title='bbox 2198 2052 2406 2105; x_wconf 88' lang='lat' dir='ltr'>maiora</span> <span class='ocrx_word' id='word_1_169' title='bbox 2430 2070 2606 2106; x_wconf 86' lang='lat' dir='ltr'>assur·</span> 
     </span>
    </p>
   </div>
   <div class='ocr_carea' id='block_1_12' title="bbox 529 2297 2610 3948">
    <p class='ocr_par' dir='ltr' id='par_1_12' title="bbox 532 2297 2610 2572">
     <span class='ocr_line' id='line_1_27' title="bbox 532 2297 2610 2354; baseline 0 -12"><span class='ocrx_word' id='word_1_170' title='bbox 532 2298 937 2354; x_wconf 84' lang='lat' dir='ltr'>stantinopolitana)</span> <span class='ocrx_word' id='word_1_171' title='bbox 969 2298 1223 2352; x_wconf 86' lang='lat' dir='ltr'>congregati</span> <span class='ocrx_word' id='word_1_172' title='bbox 1255 2297 1373 2338; x_wconf 85' lang='lat' dir='ltr'>beati</span> <span class='ocrx_word' id='word_1_173' title='bbox 1404 2297 1571 2350; x_wconf 86' lang='lat' dir='ltr'>Patres,</span> <span class='ocrx_word' id='word_1_174' title='bbox 1604 2311 1703 2338; x_wconf 90' lang='lat' dir='ltr'>cum</span> <span class='ocrx_word' id='word_1_175' title='bbox 1733 2297 1786 2339; x_wconf 90' lang='lat' dir='ltr'>iis</span> <span class='ocrx_word' id='word_1_176' title='bbox 1818 2298 1894 2353; x_wconf 82' lang='lat' dir='ltr'>qui</span> <span class='ocrx_word' id='word_1_177' title='bbox 1923 2297 2040 2352; x_wconf 85' lang='lat' dir='ltr'>apud</span> <span class='ocrx_word' id='word_1_178' title='bbox 2070 2297 2282 2340; x_wconf 83' lang='lat' dir='ltr'>Nicaeam</span> <span class='ocrx_word' id='word_1_179' title='bbox 2313 2303 2610 2343; x_wconf 80' lang='lat' dir='ltr'>convenerant</span> 
     </span>
     <span class='ocr_line' id='line_1_28' title="bbox 532 2367 2605 2426; baseline 0 -12"><span class='ocrx_word' id='word_1_180' title='bbox 532 2373 847 2426; x_wconf 86' lang='lat' dir='ltr'>conspirantes,</span> <span class='ocrx_word' id='word_1_181' title='bbox 890 2372 1113 2412; x_wconf 88' lang='lat' dir='ltr'>dioeceses</span> <span class='ocrx_word' id='word_1_182' title='bbox 1155 2371 1449 2412; x_wconf 86' lang='lat' dir='ltr'>distinxerunt</span> <span class='ocrx_word' id='word_1_183' title='bbox 1488 2375 1531 2412; x_wconf 91' lang='lat' dir='ltr'>et</span> <span class='ocrx_word' id='word_1_184' title='bbox 1577 2384 1700 2412; x_wconf 88' lang='lat' dir='ltr'>suam</span> <span class='ocrx_word' id='word_1_185' title='bbox 1746 2372 1986 2426; x_wconf 87' lang='lat' dir='ltr'>unicuique</span> <span class='ocrx_word' id='word_1_186' title='bbox 2033 2371 2269 2413; x_wconf 82' lang='lat' dir='ltr'>dioecesim</span> <span class='ocrx_word' id='word_1_187' title='bbox 2312 2367 2605 2426; x_wconf 63' lang='lat' dir='ltr'>assignarunt}</span> 
     </span>
     <span class='ocr_line' id='line_1_29' title="bbox 532 2442 2601 2499; baseline 0 -13"><span class='ocrx_word' id='word_1_188' title='bbox 532 2448 682 2499; x_wconf 85' lang='lat' dir='ltr'>aperte</span> <span class='ocrx_word' id='word_1_189' title='bbox 711 2445 1022 2486; x_wconf 85' lang='lat' dir='ltr'>interdicentes</span> <span class='ocrx_word' id='word_1_190' title='bbox 1054 2457 1108 2484; x_wconf 84' lang='lat' dir='ltr'>ex</span> <span class='ocrx_word' id='word_1_191' title='bbox 1138 2443 1278 2484; x_wconf 84' lang='lat' dir='ltr'>altera</span> <span class='ocrx_word' id='word_1_192' title='bbox 1310 2455 1554 2496; x_wconf 83' lang='lat' dir='ltr'>quosquam</span> <span class='ocrx_word' id='word_1_193' title='bbox 1595 2442 1783 2484; x_wconf 88' lang='lat' dir='ltr'>dioecesi</span> <span class='ocrx_word' id='word_1_194' title='bbox 1823 2444 2007 2485; x_wconf 87' lang='lat' dir='ltr'>alteram</span> <span class='ocrx_word' id='word_1_195' title='bbox 2035 2443 2259 2496; x_wconf 85' lang='lat' dir='ltr'>invadere,</span> <span class='ocrx_word' id='word_1_196' title='bbox 2305 2444 2383 2486; x_wconf 80' lang='lat' dir='ltr'>sed</span> <span class='ocrx_word' id='word_1_197' title='bbox 2412 2444 2601 2487; x_wconf 84' lang='lat' dir='ltr'>Alexan-</span> 
     </span>
     <span class='ocr_line' id='line_1_30' title="bbox 533 2515 2604 2572; baseline 0.001 -14"><span class='ocrx_word' id='word_1_198' title='bbox 533 2517 653 2558; x_wconf 86' lang='lat' dir='ltr'>driae</span> <span class='ocrx_word' id='word_1_199' title='bbox 675 2518 927 2571; x_wconf 90' lang='lat' dir='ltr'>episcopum</span> <span class='ocrx_word' id='word_1_200' title='bbox 958 2516 1149 2570; x_wconf 85' lang='lat' dir='ltr'>Aegypti</span> <span class='ocrx_word' id='word_1_201' title='bbox 1180 2515 1480 2557; x_wconf 86' lang='lat' dir='ltr'>tantummodo</span> <span class='ocrx_word' id='word_1_202' title='bbox 1510 2529 1580 2556; x_wconf 89' lang='lat' dir='ltr'>res</span> <span class='ocrx_word' id='word_1_203' title='bbox 1613 2516 1929 2569; x_wconf 86' lang='lat' dir='ltr'>administrare,</span> <span class='ocrx_word' id='word_1_204' title='bbox 1961 2520 2005 2558; x_wconf 87' lang='lat' dir='ltr'>et</span> <span class='ocrx_word' id='word_1_205' title='bbox 2027 2530 2106 2559; x_wconf 83' lang='lat' dir='ltr'>sua</span> <span class='ocrx_word' id='word_1_206' title='bbox 2126 2517 2322 2572; x_wconf 85' lang='lat' dir='ltr'>singulas</span> <span class='ocrx_word' id='word_1_207' title='bbox 2342 2517 2604 2572; x_wconf 59' lang='lat' dir='ltr'>dioeceses„</span> 
     </span>
    </p>

    <p class='ocr_par' dir='ltr' id='par_1_13' title="bbox 532 2588 2606 2997">
     <span class='ocr_line' id='line_1_31' title="bbox 710 2588 2605 2647; baseline 0.001 -17"><span class='ocrx_word' id='word_1_208' title='bbox 710 2588 743 2643; x_wconf 87' lang='lat'>¹)</span> <span class='ocrx_word' id='word_1_209' title='bbox 777 2588 1063 2630; x_wconf 85' lang='lat' dir='ltr'>Concluditur</span> <span class='ocrx_word' id='word_1_210' title='bbox 1102 2602 1197 2631; x_wconf 82' lang='lat' dir='ltr'>can.</span> <span class='ocrx_word' id='word_1_211' title='bbox 1239 2602 1276 2631; x_wconf 83' lang='lat' dir='ltr'>c.</span> <span class='ocrx_word' id='word_1_212' title='bbox 1319 2588 1509 2631; x_wconf 72' lang='lat' dir='ltr'>antioch.</span> <span class='ocrx_word' id='word_1_213' title='bbox 1550 2588 1738 2629; x_wconf 83' lang='lat' dir='ltr'>ibidem:</span> <span class='ocrx_word' id='word_1_214' title='bbox 1790 2588 2056 2645; x_wconf 80' lang='grc' dir='ltr'><strong><em>Περαιτέρω</em></strong></span> <span class='ocrx_word' id='word_1_215' title='bbox 2100 2589 2153 2630; x_wconf 80' lang='grc' dir='ltr'>δὲ</span> <span class='ocrx_word' id='word_1_216' title='bbox 2195 2589 2337 2644; x_wconf 77' lang='grc' dir='ltr'><em>μηδὲν</em></span> <span class='ocrx_word' id='word_1_217' title='bbox 2382 2588 2605 2647; x_wconf 75' lang='grc' dir='ltr'>πράττειν</span> 
     </span>
     <span class='ocr_line' id='line_1_32' title="bbox 535 2656 2606 2719; baseline 0.001 -17"><span class='ocrx_word' id='word_1_218' title='bbox 535 2661 794 2718; x_wconf 78' lang='grc' dir='ltr'><em>ἐπιχειρεῖν,</em></span> <span class='ocrx_word' id='word_1_219' title='bbox 825 2659 941 2710; x_wconf 79' lang='grc' dir='ltr'><strong><em>δίχα</em></strong></span> <span class='ocrx_word' id='word_1_220' title='bbox 970 2660 1058 2702; x_wconf 83' lang='grc' dir='ltr'>τοῦ</span> <span class='ocrx_word' id='word_1_221' title='bbox 1087 2660 1169 2713; x_wconf 78' lang='grc' dir='ltr'>τῆς·</span> <span class='ocrx_word' id='word_1_222' title='bbox 1199 2658 1522 2719; x_wconf 78' lang='grc' dir='ltr'><em>μητροπόλεως·</em></span> <span class='ocrx_word' id='word_1_223' title='bbox 1554 2659 1819 2713; x_wconf 77' lang='grc' dir='ltr'><strong><em>ἐπισκόπου,</em></strong></span> <span class='ocrx_word' id='word_1_224' title='bbox 1851 2661 1967 2717; x_wconf 79' lang='grc' dir='ltr'>μηδὲ</span> <span class='ocrx_word' id='word_1_225' title='bbox 1990 2657 2136 2703; x_wconf 77' lang='grc' dir='ltr'><strong><em>αὐτόν</em></strong></span> <span class='ocrx_word' id='word_1_226' title='bbox 2158 2656 2265 2703; x_wconf 77' lang='grc' dir='ltr'>ἄνευ</span> <span class='ocrx_word' id='word_1_227' title='bbox 2286 2661 2367 2717; x_wconf 78' lang='grc' dir='ltr'>τῆς</span> <span class='ocrx_word' id='word_1_228' title='bbox 2397 2661 2485 2704; x_wconf 75' lang='grc' dir='ltr'>τῶν</span> <span class='ocrx_word' id='word_1_229' title='bbox 2513 2664 2606 2705; x_wconf 80' lang='grc' dir='ltr'><strong><em>λοι·</em></strong></span> 
     </span>
     <span class='ocr_line' id='line_1_33' title="bbox 532 2732 2600 2788; baseline 0.002 -13"><span class='ocrx_word' id='word_1_230' title='bbox 532 2733 627 2776; x_wconf 81' lang='grc' dir='ltr'>πῶν</span> <span class='ocrx_word' id='word_1_231' title='bbox 658 2732 842 2788; x_wconf 81' lang='grc' dir='ltr'><em>γνώμης.</em></span> <span class='ocrx_word' id='word_1_232' title='bbox 873 2734 942 2775; x_wconf 91' lang='lat' dir='ltr'>Ad</span> <span class='ocrx_word' id='word_1_233' title='bbox 972 2734 1051 2774; x_wconf 89' lang='lat' dir='ltr'>hos</span> <span class='ocrx_word' id='word_1_234' title='bbox 1083 2747 1271 2775; x_wconf 86' lang='lat' dir='ltr'>canones</span> <span class='ocrx_word' id='word_1_235' title='bbox 1305 2734 1588 2775; x_wconf 89' lang='lat' dir='ltr'>antiochenos</span> <span class='ocrx_word' id='word_1_236' title='bbox 1619 2748 1725 2788; x_wconf 89' lang='lat' dir='ltr'>prae</span> <span class='ocrx_word' id='word_1_237' title='bbox 1756 2734 1913 2776; x_wconf 88' lang='lat' dir='ltr'>ceteris</span> <span class='ocrx_word' id='word_1_238' title='bbox 1933 2735 1979 2775; x_wconf 91' lang='lat' dir='ltr'>in</span> <span class='ocrx_word' id='word_1_239' title='bbox 2001 2746 2135 2775; x_wconf 84' lang='lat' dir='ltr'>causa</span> <span class='ocrx_word' id='word_1_240' title='bbox 2163 2734 2392 2776; x_wconf 88' lang='lat' dir='ltr'>Hincmari</span> <span class='ocrx_word' id='word_1_241' title='bbox 2421 2735 2600 2781; x_wconf 76' lang='lat' dir='ltr'>laudun.</span> 
     </span>
     <span class='ocr_line' id='line_1_34' title="bbox 535 2806 2602 2864; baseline -0.002 -13"><span class='ocrx_word' id='word_1_242' title='bbox 535 2822 571 2852; x_wconf 84' lang='lat' dir='ltr'>c.</span> <span class='ocrx_word' id='word_1_243' title='bbox 603 2808 661 2851; x_wconf 87' lang='lat'>11.</span> <span class='ocrx_word' id='word_1_244' title='bbox 692 2808 962 2863; x_wconf 86' lang='lat' dir='ltr'>provocabat</span> <span class='ocrx_word' id='word_1_245' title='bbox 1006 2808 1194 2848; x_wconf 83' lang='lat' dir='ltr'>maxime</span> <span class='ocrx_word' id='word_1_246' title='bbox 1231 2807 1457 2850; x_wconf 79' lang='lat' dir='ltr'>Hincmar.</span> <span class='ocrx_word' id='word_1_247' title='bbox 1502 2806 1720 2851; x_wconf 74' lang='lat' dir='ltr'>rhemens.</span> <span class='ocrx_word' id='word_1_248' title='bbox 1761 2806 2018 2860; x_wconf 76' lang='lat' dir='ltr'>archiepisc.</span> <span class='ocrx_word' id='word_1_249' title='bbox 2059 2820 2129 2860; x_wconf 75' lang='lat' dir='ltr'>ap.</span> <span class='ocrx_word' id='word_1_250' title='bbox 2161 2807 2299 2861; x_wconf 76' lang='lat' dir='ltr'>Mign.</span> <span class='ocrx_word' id='word_1_251' title='bbox 2329 2808 2404 2852; x_wconf 77' lang='lat' dir='ltr'>lat,</span> <span class='ocrx_word' id='word_1_252' title='bbox 2435 2809 2602 2864; x_wconf 75' lang='lat' dir='ltr'>seriptt,</span> 
     </span>
     <span class='ocr_line' id='line_1_35' title="bbox 532 2877 2600 2935; baseline 0.001 -13"><span class='ocrx_word' id='word_1_253' title='bbox 532 2885 563 2924; x_wconf 82' lang='lat' dir='ltr'>t.</span> <span class='ocrx_word' id='word_1_254' title='bbox 611 2879 709 2924; x_wconf 90' lang='grc'><strong>126.</strong></span> <span class='ocrx_word' id='word_1_255' title='bbox 756 2896 798 2935; x_wconf 97' lang='grc' dir='ltr'>Ρ.</span> <span class='ocrx_word' id='word_1_256' title='bbox 845 2879 944 2924; x_wconf 84' lang='grc'><strong>295.</strong></span> <span class='ocrx_word' id='word_1_257' title='bbox 992 2885 1040 2921; x_wconf 81' lang='lat' dir='ltr'>ut</span> <span class='ocrx_word' id='word_1_258' title='bbox 1087 2881 1185 2921; x_wconf 86' lang='lat' dir='ltr'>iura</span> <span class='ocrx_word' id='word_1_259' title='bbox 1240 2893 1320 2921; x_wconf 85' lang='lat' dir='ltr'>sua</span> <span class='ocrx_word' id='word_1_260' title='bbox 1364 2880 1700 2935; x_wconf 88' lang='lat' dir='ltr'>metropolitana</span> <span class='ocrx_word' id='word_1_261' title='bbox 1751 2882 1960 2922; x_wconf 85' lang='lat' dir='ltr'>tueretur.</span> <span class='ocrx_word' id='word_1_262' title='bbox 2013 2877 2101 2920; x_wconf 85' lang='lat' dir='ltr'>Sed</span> <span class='ocrx_word' id='word_1_263' title='bbox 2131 2878 2205 2935; x_wconf 29' lang='lat' dir='ltr'>&#39;bde</span> <span class='ocrx_word' id='word_1_264' title='bbox 2252 2880 2340 2922; x_wconf 88' lang='lat' dir='ltr'>illis</span> <span class='ocrx_word' id='word_1_265' title='bbox 2389 2881 2490 2923; x_wconf 86' lang='lat' dir='ltr'>vide</span> <span class='ocrx_word' id='word_1_266' title='bbox 2539 2881 2600 2924; x_wconf 83' lang='lat' dir='ltr'>sis</span> 
     </span>
     <span class='ocr_line' id='line_1_36' title="bbox 537 2954 886 2997; baseline 0.006 -3"><span class='ocrx_word' id='word_1_267' title='bbox 537 2954 689 2997; x_wconf 75' lang='lat' dir='ltr'>PetaV.</span> <span class='ocrx_word' id='word_1_268' title='bbox 720 2954 749 2997; x_wconf 88' lang='grc'>1.</span> <span class='ocrx_word' id='word_1_269' title='bbox 783 2967 816 2996; x_wconf 84' lang='lat' dir='ltr'>s.</span> <span class='ocrx_word' id='word_1_270' title='bbox 850 2967 886 2996; x_wconf 78' lang='lat' dir='ltr'>c.</span> 
     </span>
    </p>

    <p class='ocr_par' dir='ltr' id='par_1_14' title="bbox 529 3023 2604 3587">
     <span class='ocr_line' id='line_1_37' title="bbox 714 3023 2602 3081; baseline 0.001 -14"><span class='ocrx_word' id='word_1_271' title='bbox 714 3026 747 3080; x_wconf 81' lang='lat'>2)</span> <span class='ocrx_word' id='word_1_272' title='bbox 779 3027 899 3067; x_wconf 90' lang='lat' dir='ltr'>Inter</span> <span class='ocrx_word' id='word_1_273' title='bbox 927 3025 1196 3080; x_wconf 84' lang='lat' dir='ltr'>praescripta</span> <span class='ocrx_word' id='word_1_274' title='bbox 1232 3037 1362 3079; x_wconf 88' lang='lat' dir='ltr'>porro</span> <span class='ocrx_word' id='word_1_275' title='bbox 1400 3023 1573 3064; x_wconf 89' lang='lat' dir='ltr'>unionis</span> <span class='ocrx_word' id='word_1_276' title='bbox 1615 3024 1758 3065; x_wconf 88' lang='lat' dir='ltr'>media</span> <span class='ocrx_word' id='word_1_277' title='bbox 1797 3024 1943 3066; x_wconf 91' lang='lat' dir='ltr'>locum</span> <span class='ocrx_word' id='word_1_278' title='bbox 1972 3025 2168 3079; x_wconf 88' lang='lat' dir='ltr'>profecto</span> <span class='ocrx_word' id='word_1_279' title='bbox 2198 3026 2445 3081; x_wconf 86' lang='lat' dir='ltr'>principem</span> <span class='ocrx_word' id='word_1_280' title='bbox 2474 3039 2602 3069; x_wconf 88' lang='lat' dir='ltr'>occu-</span> 
     </span>
     <span class='ocr_line' id='line_1_38' title="bbox 535 3095 2603 3153; baseline 0 -13"><span class='ocrx_word' id='word_1_281' title='bbox 535 3099 700 3153; x_wconf 85' lang='lat' dir='ltr'>pabant</span> <span class='ocrx_word' id='word_1_282' title='bbox 730 3097 884 3151; x_wconf 86' lang='lat' dir='ltr'>synodi</span> <span class='ocrx_word' id='word_1_283' title='bbox 914 3096 1219 3151; x_wconf 84' lang='lat' dir='ltr'>provinciales,</span> <span class='ocrx_word' id='word_1_284' title='bbox 1263 3109 1375 3150; x_wconf 85' lang='lat' dir='ltr'>quae</span> <span class='ocrx_word' id='word_1_285' title='bbox 1414 3097 1583 3149; x_wconf 86' lang='lat' dir='ltr'>praeire</span> <span class='ocrx_word' id='word_1_286' title='bbox 1628 3095 1839 3137; x_wconf 89' lang='lat' dir='ltr'>deberent</span> <span class='ocrx_word' id='word_1_287' title='bbox 1868 3096 2057 3149; x_wconf 86' lang='lat' dir='ltr'>synodos</span> <span class='ocrx_word' id='word_1_288' title='bbox 2089 3097 2371 3139; x_wconf 88' lang='lat' dir='ltr'>dioecesanas</span> <span class='ocrx_word' id='word_1_289' title='bbox 2400 3098 2603 3153; x_wconf 84' lang='lat' dir='ltr'>frequen-</span> 
     </span>
     <span class='ocr_line' id='line_1_39' title="bbox 534 3167 2602 3224; baseline 0.001 -12"><span class='ocrx_word' id='word_1_290' title='bbox 534 3171 689 3212; x_wconf 86' lang='lat' dir='ltr'>tandas</span> <span class='ocrx_word' id='word_1_291' title='bbox 719 3173 963 3224; x_wconf 86' lang='lat' dir='ltr'>propterea,</span> <span class='ocrx_word' id='word_1_292' title='bbox 1002 3173 1052 3210; x_wconf 91' lang='lat' dir='ltr'>ut</span> <span class='ocrx_word' id='word_1_293' title='bbox 1091 3171 1236 3209; x_wconf 85' lang='lat' dir='ltr'>rectus</span> <span class='ocrx_word' id='word_1_294' title='bbox 1268 3167 1591 3208; x_wconf 84' lang='lat' dir='ltr'>ecclesiasticae</span> <span class='ocrx_word' id='word_1_295' title='bbox 1625 3167 1802 3221; x_wconf 88' lang='lat' dir='ltr'>politiae</span> <span class='ocrx_word' id='word_1_296' title='bbox 1843 3168 1948 3209; x_wconf 91' lang='lat' dir='ltr'>ordo</span> <span class='ocrx_word' id='word_1_297' title='bbox 1979 3167 2026 3209; x_wconf 88' lang='lat' dir='ltr'>in</span> <span class='ocrx_word' id='word_1_298' title='bbox 2054 3169 2238 3223; x_wconf 87' lang='lat' dir='ltr'>singulis</span> <span class='ocrx_word' id='word_1_299' title='bbox 2268 3171 2400 3211; x_wconf 82' lang='lat' dir='ltr'>etiam</span> <span class='ocrx_word' id='word_1_300' title='bbox 2429 3170 2602 3214; x_wconf 80' lang='lat' dir='ltr'>dioece-</span> 
     </span>
     <span class='ocr_line' id='line_1_40' title="bbox 534 3240 2604 3296; baseline 0.001 -13"><span class='ocrx_word' id='word_1_301' title='bbox 534 3243 654 3284; x_wconf 91' lang='lat' dir='ltr'>sibus</span> <span class='ocrx_word' id='word_1_302' title='bbox 685 3246 1007 3296; x_wconf 83' lang='lat' dir='ltr'>procuraretur.</span> <span class='ocrx_word' id='word_1_303' title='bbox 1049 3241 1167 3282; x_wconf 88' lang='lat' dir='ltr'>Hinc</span> <span class='ocrx_word' id='word_1_304' title='bbox 1214 3243 1409 3295; x_wconf 86' lang='lat' dir='ltr'>apparet,</span> <span class='ocrx_word' id='word_1_305' title='bbox 1453 3253 1530 3281; x_wconf 91' lang='lat' dir='ltr'>cur</span> <span class='ocrx_word' id='word_1_306' title='bbox 1570 3243 1693 3280; x_wconf 86' lang='lat' dir='ltr'>tanta</span> <span class='ocrx_word' id='word_1_307' title='bbox 1730 3240 1959 3294; x_wconf 86' lang='lat' dir='ltr'>diligentia</span> <span class='ocrx_word' id='word_1_308' title='bbox 2005 3244 2049 3281; x_wconf 85' lang='lat' dir='ltr'>et</span> <span class='ocrx_word' id='word_1_309' title='bbox 2087 3241 2301 3294; x_wconf 81' lang='lat' dir='ltr'>gravitate</span> <span class='ocrx_word' id='word_1_310' title='bbox 2330 3254 2358 3282; x_wconf 84' lang='lat' dir='ltr'>a</span> <span class='ocrx_word' id='word_1_311' title='bbox 2385 3242 2604 3296; x_wconf 82' lang='lat' dir='ltr'>prioribus</span> 
     </span>
     <span class='ocr_line' id='line_1_41' title="bbox 533 3311 2602 3366; baseline 0.001 -11"><span class='ocrx_word' id='word_1_312' title='bbox 533 3315 746 3356; x_wconf 87' lang='lat' dir='ltr'>ecclesiae</span> <span class='ocrx_word' id='word_1_313' title='bbox 777 3314 962 3355; x_wconf 86' lang='lat' dir='ltr'>saeculis</span> <span class='ocrx_word' id='word_1_314' title='bbox 993 3326 1132 3366; x_wconf 87' lang='lat' dir='ltr'>usque</span> <span class='ocrx_word' id='word_1_315' title='bbox 1164 3313 1221 3354; x_wconf 88' lang='lat' dir='ltr'>ad</span> <span class='ocrx_word' id='word_1_316' title='bbox 1252 3313 1485 3354; x_wconf 90' lang='lat' dir='ltr'>concilium</span> <span class='ocrx_word' id='word_1_317' title='bbox 1530 3312 1814 3353; x_wconf 87' lang='lat' dir='ltr'>tridentinum</span> <span class='ocrx_word' id='word_1_318' title='bbox 1861 3325 1967 3356; x_wconf 72' lang='lat' dir='ltr'>sess,</span> <span class='ocrx_word' id='word_1_319' title='bbox 1997 3311 2159 3357; x_wconf 85' lang='lat' dir='ltr'>XXIV.</span> <span class='ocrx_word' id='word_1_320' title='bbox 2192 3312 2352 3358; x_wconf 80' lang='lat' dir='ltr'>decret.</span> <span class='ocrx_word' id='word_1_321' title='bbox 2384 3313 2438 3355; x_wconf 89' lang='lat' dir='ltr'>de</span> <span class='ocrx_word' id='word_1_322' title='bbox 2467 3315 2602 3357; x_wconf 84' lang='lat' dir='ltr'>refor-</span> 
     </span>
     <span class='ocr_line' id='line_1_42' title="bbox 529 3384 2603 3439; baseline 0 -11"><span class='ocrx_word' id='word_1_323' title='bbox 529 3391 635 3430; x_wconf 73' lang='lat' dir='ltr'>mat.</span> <span class='ocrx_word' id='word_1_324' title='bbox 679 3401 715 3431; x_wconf 77' lang='lat' dir='ltr'>c.</span> <span class='ocrx_word' id='word_1_325' title='bbox 762 3385 803 3430; x_wconf 84' lang='lat'>2.</span> <span class='ocrx_word' id='word_1_326' title='bbox 851 3391 894 3427; x_wconf 85' lang='lat' dir='ltr'>et</span> <span class='ocrx_word' id='word_1_327' title='bbox 941 3385 1147 3439; x_wconf 87' lang='lat' dir='ltr'>deinceps</span> <span class='ocrx_word' id='word_1_328' title='bbox 1191 3385 1398 3439; x_wconf 89' lang='lat' dir='ltr'>frequens</span> <span class='ocrx_word' id='word_1_329' title='bbox 1445 3385 1687 3426; x_wconf 90' lang='lat' dir='ltr'>mediorum</span> <span class='ocrx_word' id='word_1_330' title='bbox 1732 3384 1947 3426; x_wconf 88' lang='lat' dir='ltr'>eiusmodi</span> <span class='ocrx_word' id='word_1_331' title='bbox 1990 3397 2120 3437; x_wconf 89' lang='lat' dir='ltr'>usus,</span> <span class='ocrx_word' id='word_1_332' title='bbox 2167 3386 2243 3439; x_wconf 91' lang='lat' dir='ltr'>qui</span> <span class='ocrx_word' id='word_1_333' title='bbox 2286 3385 2343 3426; x_wconf 86' lang='lat' dir='ltr'>ad</span> <span class='ocrx_word' id='word_1_334' title='bbox 2387 3399 2603 3429; x_wconf 87' lang='lat' dir='ltr'>summum</span> 
     </span>
     <span class='ocr_line' id='line_1_43' title="bbox 533 3448 2604 3513; baseline 0 -12"><span class='ocrx_word' id='word_1_335' title='bbox 533 3460 745 3501; x_wconf 86' lang='lat' dir='ltr'>ecclesiae</span> <span class='ocrx_word' id='word_1_336' title='bbox 791 3459 955 3500; x_wconf 92' lang='lat' dir='ltr'>bonum</span> <span class='ocrx_word' id='word_1_337' title='bbox 1000 3462 1228 3513; x_wconf 84' lang='lat' dir='ltr'>tantopere</span> <span class='ocrx_word' id='word_1_338' title='bbox 1259 3458 1533 3499; x_wconf 89' lang='lat' dir='ltr'>necessarius</span> <span class='ocrx_word' id='word_1_339' title='bbox 1565 3471 1735 3513; x_wconf 89' lang='lat' dir='ltr'>semper</span> <span class='ocrx_word' id='word_1_340' title='bbox 1765 3456 2010 3510; x_wconf 87' lang='lat' dir='ltr'>videbatur,</span> <span class='ocrx_word' id='word_1_341' title='bbox 2052 3461 2096 3499; x_wconf 86' lang='lat' dir='ltr'>et</span> <span class='ocrx_word' id='word_1_342' title='bbox 2123 3457 2370 3500; x_wconf 81' lang='lat' dir='ltr'>inculcatus</span> <span class='ocrx_word' id='word_1_343' title='bbox 2399 3448 2531 3501; x_wconf 75' lang='lat' dir='ltr'>fuerit</span> <span class='ocrx_word' id='word_1_344' title='bbox 2559 3462 2604 3501; x_wconf 82' lang='lat' dir='ltr'>et</span> 
     </span>
     <span class='ocr_line' id='line_1_44' title="bbox 531 3534 839 3587; baseline 0.003 -14"><span class='ocrx_word' id='word_1_345' title='bbox 531 3534 839 3587; x_wconf 82' lang='lat' dir='ltr'>praescriptus.</span> 
     </span>
    </p>

    <p class='ocr_par' dir='ltr' id='par_1_15' title="bbox 531 3601 2601 3948">
     <span class='ocr_line' id='line_1_45' title="bbox 705 3601 2600 3659; baseline 0 -14"><span class='ocrx_word' id='word_1_346' title='bbox 705 3603 740 3659; x_wconf 80' lang='lat'>3)</span> <span class='ocrx_word' id='word_1_347' title='bbox 771 3605 856 3645; x_wconf 93' lang='lat' dir='ltr'>Per</span> <span class='ocrx_word' id='word_1_348' title='bbox 886 3603 1047 3658; x_wconf 85' lang='lat' dir='ltr'>gradus</span> <span class='ocrx_word' id='word_1_349' title='bbox 1079 3604 1375 3645; x_wconf 87' lang='lat' dir='ltr'>descensionis</span> <span class='ocrx_word' id='word_1_350' title='bbox 1418 3606 1784 3645; x_wconf 88' lang='lat' dir='ltr'>connumerantur</span> <span class='ocrx_word' id='word_1_351' title='bbox 1834 3615 1955 3646; x_wconf 77' lang='lat' dir='ltr'>conc.</span> <span class='ocrx_word' id='word_1_352' title='bbox 2004 3601 2103 3645; x_wconf 85' lang='lat' dir='ltr'>trid.</span> <span class='ocrx_word' id='word_1_353' title='bbox 2145 3614 2250 3646; x_wconf 80' lang='lat' dir='ltr'>sess.</span> <span class='ocrx_word' id='word_1_354' title='bbox 2293 3602 2457 3647; x_wconf 81' lang='lat' dir='ltr'>XXIV.</span> <span class='ocrx_word' id='word_1_355' title='bbox 2488 3616 2526 3647; x_wconf 83' lang='lat' dir='ltr'>c.</span> <span class='ocrx_word' id='word_1_356' title='bbox 2556 3601 2600 3647; x_wconf 90' lang='grc'>3.</span> 
     </span>
     <span class='ocr_line' id='line_1_46' title="bbox 532 3673 2601 3731; baseline -0.001 -15"><span class='ocrx_word' id='word_1_357' title='bbox 532 3677 854 3729; x_wconf 86' lang='lat' dir='ltr'>„Patriarchae,</span> <span class='ocrx_word' id='word_1_358' title='bbox 903 3677 1131 3728; x_wconf 87' lang='lat' dir='ltr'>Primates,</span> <span class='ocrx_word' id='word_1_359' title='bbox 1176 3676 1502 3731; x_wconf 81' lang='lat' dir='ltr'>Metropolitani</span> <span class='ocrx_word' id='word_1_360' title='bbox 1533 3679 1576 3716; x_wconf 93' lang='lat' dir='ltr'>et</span> <span class='ocrx_word' id='word_1_361' title='bbox 1606 3675 1826 3729; x_wconf 87' lang='lat' dir='ltr'>Episcopi,</span> <span class='ocrx_word' id='word_1_362' title='bbox 1877 3674 1931 3715; x_wconf 89' lang='lat' dir='ltr'>de</span> <span class='ocrx_word' id='word_1_363' title='bbox 1962 3675 2119 3728; x_wconf 88' lang='lat' dir='ltr'>quibus</span> <span class='ocrx_word' id='word_1_364' title='bbox 2149 3674 2214 3715; x_wconf 90' lang='lat' dir='ltr'>sic</span> <span class='ocrx_word' id='word_1_365' title='bbox 2242 3686 2312 3715; x_wconf 88' lang='lat' dir='ltr'>res</span> <span class='ocrx_word' id='word_1_366' title='bbox 2341 3673 2486 3726; x_wconf 86' lang='lat' dir='ltr'>habet,</span> <span class='ocrx_word' id='word_1_367' title='bbox 2535 3674 2601 3714; x_wconf 86' lang='lat' dir='ltr'>uti</span> 
     </span>
     <span class='ocr_line' id='line_1_47' title="bbox 531 3742 2597 3804; baseline 0 -14"><span class='ocrx_word' id='word_1_368' title='bbox 531 3749 742 3791; x_wconf 85' lang='lat' dir='ltr'>adnotant</span> <span class='ocrx_word' id='word_1_369' title='bbox 786 3750 843 3791; x_wconf 85' lang='lat' dir='ltr'>ad</span> <span class='ocrx_word' id='word_1_370' title='bbox 887 3750 968 3793; x_wconf 87' lang='grc' dir='ltr'><strong>ΙΙΙ.</strong></span> <span class='ocrx_word' id='word_1_371' title='bbox 1014 3753 1125 3804; x_wconf 75' lang='lat' dir='ltr'>part.</span> <span class='ocrx_word' id='word_1_372' title='bbox 1178 3749 1323 3803; x_wconf 83' lang='lat' dir='ltr'>liturg.</span> <span class='ocrx_word' id='word_1_373' title='bbox 1374 3749 1589 3790; x_wconf 85' lang='lat' dir='ltr'>observat.</span> <span class='ocrx_word' id='word_1_374' title='bbox 1633 3746 1708 3790; x_wconf 76' lang='grc' dir='ltr'><strong>ΙΙΙ.</strong></span> <span class='ocrx_word' id='word_1_375' title='bbox 1740 3747 1768 3790; x_wconf 81' lang='lat' dir='ltr'>l.</span> <span class='ocrx_word' id='word_1_376' title='bbox 1799 3746 1952 3802; x_wconf 83' lang='lat' dir='ltr'>pontif.</span> <span class='ocrx_word' id='word_1_377' title='bbox 1976 3746 2134 3789; x_wconf 83' lang='lat' dir='ltr'>eccles.</span> <span class='ocrx_word' id='word_1_378' title='bbox 2166 3757 2312 3799; x_wconf 76' lang='lat' dir='ltr'>graec.</span> <span class='ocrx_word' id='word_1_379' title='bbox 2343 3758 2386 3798; x_wconf 81' lang='grc' dir='ltr'>Ρ.</span> <span class='ocrx_word' id='word_1_380' title='bbox 2416 3742 2486 3787; x_wconf 85' lang='lat'>35.</span> <span class='ocrx_word' id='word_1_381' title='bbox 2517 3744 2597 3790; x_wconf 92' lang='grc' dir='ltr'><strong>ΙΙΙ.</strong></span> 
     </span>
     <span class='ocr_line' id='line_1_48' title="bbox 531 3818 2598 3876; baseline -0.001 -14"><span class='ocrx_word' id='word_1_382' title='bbox 531 3822 590 3864; x_wconf 79' lang='lat' dir='ltr'>Is.</span> <span class='ocrx_word' id='word_1_383' title='bbox 621 3822 804 3866; x_wconf 83' lang='lat' dir='ltr'>Habert.</span> <span class='ocrx_word' id='word_1_384' title='bbox 837 3825 929 3862; x_wconf 83' lang='lat' dir='ltr'>tum</span> <span class='ocrx_word' id='word_1_385' title='bbox 944 3822 1168 3876; x_wconf 84' lang='lat' dir='ltr'>praeclare</span> <span class='ocrx_word' id='word_1_386' title='bbox 1198 3821 1392 3876; x_wconf 83' lang='lat' dir='ltr'>theologi</span> <span class='ocrx_word' id='word_1_387' title='bbox 1421 3821 1794 3875; x_wconf 85' lang='lat' dir='ltr'>wirceburgenses</span> <span class='ocrx_word' id='word_1_388' title='bbox 1822 3834 1865 3874; x_wconf 83' lang='lat' dir='ltr'>p.</span> <span class='ocrx_word' id='word_1_389' title='bbox 1897 3819 2017 3863; x_wconf 77' lang='lat' dir='ltr'>V111.</span> <span class='ocrx_word' id='word_1_390' title='bbox 2049 3818 2103 3860; x_wconf 86' lang='lat' dir='ltr'>de</span> <span class='ocrx_word' id='word_1_391' title='bbox 2131 3819 2354 3872; x_wconf 88' lang='lat' dir='ltr'>principiis</span> <span class='ocrx_word' id='word_1_392' title='bbox 2396 3818 2598 3866; x_wconf 67' lang='lat' dir='ltr'>directiv.</span> 
     </span>
     <span class='ocr_line' id='line_1_49' title="bbox 533 3889 2599 3948; baseline 0 -16"><span class='ocrx_word' id='word_1_393' title='bbox 533 3906 575 3933; x_wconf 89' lang='lat' dir='ltr'>n.</span> <span class='ocrx_word' id='word_1_394' title='bbox 609 3891 705 3936; x_wconf 78' lang='lat'><strong>123.</strong></span> <span class='ocrx_word' id='word_1_395' title='bbox 759 3893 910 3946; x_wconf 88' lang='lat' dir='ltr'>„Sicut</span> <span class='ocrx_word' id='word_1_396' title='bbox 939 3894 1152 3936; x_wconf 87' lang='lat' dir='ltr'>ecclesiae</span> <span class='ocrx_word' id='word_1_397' title='bbox 1181 3907 1259 3948; x_wconf 89' lang='lat' dir='ltr'>per</span> <span class='ocrx_word' id='word_1_398' title='bbox 1287 3894 1516 3948; x_wconf 87' lang='lat' dir='ltr'>episcopos</span> <span class='ocrx_word' id='word_1_399' title='bbox 1544 3893 1720 3947; x_wconf 87' lang='lat' dir='ltr'>proprie</span> <span class='ocrx_word' id='word_1_400' title='bbox 1750 3891 2082 3942; x_wconf 74' lang='lat' dir='ltr'>constituuntur,</span> <span class='ocrx_word' id='word_1_401' title='bbox 2132 3890 2196 3931; x_wconf 92' lang='lat' dir='ltr'>sic</span> <span class='ocrx_word' id='word_1_402' title='bbox 2225 3893 2269 3930; x_wconf 79' lang='lat' dir='ltr'>et</span> <span class='ocrx_word' id='word_1_403' title='bbox 2296 3903 2376 3944; x_wconf 86' lang='lat' dir='ltr'>per</span> <span class='ocrx_word' id='word_1_404' title='bbox 2405 3889 2599 3932; x_wconf 87' lang='lat' dir='ltr'>diversos</span> 
     </span>
    </p>
   </div>
   <div class='ocr_carea' id='block_1_13' title="bbox 176 3960 2599 4024">
    <p class='ocr_par' dir='ltr' id='par_1_16' title="bbox 176 3960 2599 4024">
     <span class='ocr_line' id='line_1_50' title="bbox 176 3960 2599 4024; baseline -0 -18"><span class='ocrx_word' id='word_1_405' title='bbox 176 3981 311 4024; x_wconf 73' lang='lat' dir='ltr'>qradm</span> <span class='ocrx_word' id='word_1_406' title='bbox 328 3982 516 4016; x_wconf 69' lang='lat' dir='ltr'>dictinctio.</span> <span class='ocrx_word' id='word_1_407' title='bbox 534 3964 836 4019; x_wconf 84' lang='lat' dir='ltr'>episcoporum</span> <span class='ocrx_word' id='word_1_408' title='bbox 896 3965 1056 4020; x_wconf 82' lang='lat' dir='ltr'>gradus</span> <span class='ocrx_word' id='word_1_409' title='bbox 1117 3965 1458 4020; x_wconf 81' lang='lat' dir='ltr'>distinguuntur.</span> <span class='ocrx_word' id='word_1_410' title='bbox 1538 3963 1780 4007; x_wconf 85' lang='lat' dir='ltr'>Deducitur</span> <span class='ocrx_word' id='word_1_411' title='bbox 1829 3965 1976 4004; x_wconf 78' lang='lat' dir='ltr'>autem</span> <span class='ocrx_word' id='word_1_412' title='bbox 2023 3960 2247 4017; x_wconf 83' lang='lat' dir='ltr'>gradualis</span> <span class='ocrx_word' id='word_1_413' title='bbox 2297 3962 2599 4019; x_wconf 83' lang='lat' dir='ltr'>episcoporum</span> 
     </span>
    </p>
   </div>
  </div>
 </body>
</html>
