2716 4446
1059 231 1409 293 -229-

193 373 567 446 cludendaque
605 374 663 428 in
702 375 961 446 ephesino
1009 373 1264 446 concili03
1317 384 1370 431 et
1426 394 1565 447 quae
1616 375 1940 446 praestituta
1976 373 2154 442 dedit,
2213 391 2279 426 ea

178 468 260 525 ab
301 469 573 540 episcopis
626 467 695 521 ob
746 468 933 522 oculos
979 470 1338 540 ponebantur.
1413 469 1498 523 Ita
1524 469 1563 541 1)
1615 469 1898 523 Proiectus
1949 467 2276 522 reverentis-

193 563 359 616 simus
399 563 687 633 episcopus
725 570 849 632 post
886 563 1335 617 adclamationem
1383 563 1625 617 concilii:
1669 564 2052 634 „Litterarum,
2087 562 2279 633 inquit,

192 658 364 710 sancti
402 664 455 710 et
491 656 788 710 venerandi
825 676 1000 728 papae
1029 655 1330 716 Coelestini
1355 660 1599 729 episcopi
1637 659 1865 713 formam
1903 667 2087 713 vestra
2125 675 2278 711 sanc-

189 751 314 803 titas
389 751 724 804 consideret:
790 751 883 821 qui
949 752 1292 804 sanctitatem
1366 760 1604 806 vestram
1661 752 1905 806 hortatus
1977 758 2086 819 est,
2169 768 2279 803 non

189 846 346 916 quasi
382 847 720 915 ignorantem
760 845 986 912 docenS,
1048 845 1143 897 sed
1180 853 1456 917 tamquam
1494 866 1720 917 gnaram
1772 845 2277 913 commonefacienS,

187 947 247 993 ut
284 958 350 993 ea
391 957 528 1011 quae
569 946 621 992 et
658 939 861 992 dudum
899 946 1023 992 ante
1063 939 1287 992 definire
1328 947 1381 993 et
1417 959 1561 993 nunc
1598 942 1654 993 in
1681 942 1995 994 memoriam
2020 958 2278 994 revocare

188 1033 441 1104 dignatus
469 1042 566 1103 est,
606 1035 760 1088 iuxta
788 1035 1088 1088 communis
1128 1034 1256 1087 fidei
1294 1035 1539 1105 regulam
1567 1034 1975 1107 catholicaeque
2015 1033 2278 1088 ecclesiae

187 1128 474 1189 utilitatem
512 1128 581 1182 ad
618 1128 780 1181 finem
819 1129 1059 1182 numeris
1099 1127 1349 1181 omnibus
1409 1128 1716 1182 absolutum
1756 1129 1952 1182 deduci
1991 1128 2274 1198 iubeatis„

190 1223 298 1276 Sed
335 1242 511 1295 neque
551 1223 709 1277 aliter
744 1225 908 1277 immo
935 1223 1103 1278 multo
1131 1223 1465 1295 praeclarius
1490 1224 1707 1277 Firmus
1737 1222 2038 1278 Caesareae
2067 1222 2278 1294 Cappa-

187 1319 374 1372 dociae
438 1318 725 1389 episcopus
749 1317 793 1390 2)
835 1318 999 1372 dixit:
1048 1316 1402 1388 „Apostolica
1463 1325 1516 1370 et
1555 1326 1742 1372 sancta
1781 1318 1941 1371 sedes
1982 1316 2279 1371 Coelestini

188 1413 515 1467 sanctissimi
567 1413 837 1485 episcopi,
897 1432 995 1484 per
1044 1412 1280 1482 litteraS,
1353 1431 1487 1485 quas
1546 1413 1616 1466 ad
1666 1413 2106 1484 religiosissimos
2166 1413 2277 1483 epi-

187 1526 379 1580 scopos
408 1551 420 1564 .
449 1551 461 1564 .
490 1550 503 1564 .
558 1508 735 1577 misit,
800 1509 965 1562 etiam
1021 1515 1145 1562 ante
1184 1505 1277 1561 ‘de
1340 1509 1615 1579 praesenti
1677 1510 1895 1579 negotio
1955 1508 2277 1561 sententiam

184 1601 534 1673 regulamque
572 1603 951 1674 praescripsit:
1011 1620 1172 1673 quam
1229 1620 1327 1655 nos
1381 1620 1596 1675 quoque
1657 1603 1912 1674 sequuti,
1941 1644 1952 1657 .
1981 1643 1993 1656 .
2051 1602 2278 1655 formam

182 1695 332 1749 illam
352 1699 736 1768 exsequutioni
756 1698 1150 1768 mandavimus,
1177 1699 1500 1752 canonicum
1528 1697 1993 1769 apostolicumque
2014 1696 2278 1750 iudicium

183 1790 240 1843 in
279 1789 432 1843 illum
489 1790 878 1861 proferentes„
945 1792 1157 1859 Quibus
1215 1793 1394 1865 palam
1461 1799 1756 1864 aperteque
1815 1790 2033 1847 concilii
2088 1791 2278 1845 Patres

184 1884 428 1953 edicunt,
487 1885 590 1938 sibi
638 1900 899 1941 romanae
956 1888 1244 1944 cathedrae
1304 1888 1628 1942 sententiam
1683 1886 2039 1941 decretoriam
2077 1885 2134 1938 in
2171 1886 2278 1939 Ne-

184 1979 336 2032 storii
374 1998 538 2033 causa
576 1980 742 2035 fuisse
783 1990 837 2035 et
875 2001 1010 2038 esse.
1072 1981 1181 2036 Sed
1219 1982 1363 2036 idem
1390 1981 1712 2054 repetebant
1735 1983 1779 2054 3)
1820 1980 2278 2035 chalcedonenses

182 2071 390 2142 Patres,
432 2076 525 2145 qui
562 2082 721 2145 „post
747 2074 1037 2129 lectionem
1074 2077 1384 2147 praedictae
1424 2076 1686 2147 epistolae
1728 2075 2046 2149 (synodicae
2075 2076 2277 2129 Leonis

184 2165 254 2218 ad
290 2164 638 2240 Flavianum)
668 2211 680 2224 .
709 2210 721 2223 .
749 2210 761 2223 .
805 2169 1208 2235 clamaverunt:
1267 2171 1420 2224 Haec
1457 2170 1680 2223 Patrum
1737 2171 1900 2239 fides,
1959 2170 2094 2224 haec
2134 2176 2305 2240 Apo-.

181 2259 439 2313 stolorum
485 2261 635 2317 fides,
714 2262 905 2317 Omnis
943 2266 1021 2318 ita
1059 2265 1346 2333 oredimus,
1387 2264 1675 2319 orthodoxi
1714 2266 1791 2318 ita
1828 2264 2071 2318 credunt.
2129 2265 2274 2318 Ana-

181 2353 362 2407 thema
419 2356 469 2408 ei
534 2357 627 2427 qui
683 2358 762 2410 ita
818 2377 925 2412 non
978 2359 1166 2414 credit.
1242 2359 1436 2412 Petrus
1475 2378 1574 2430 per
1610 2359 1850 2413 Leonem
1906 2360 1984 2412 ita
2021 2358 2275 2430 loquutus

182 2456 264 2502 est
290 2488 302 2501 .
330 2490 342 2503 .
373 2491 385 2505 .
441 2449 889 2506 Reverentissimi
946 2454 1188 2525 episcopi
1246 2453 1646 2508 clamaverunt:
1709 2453 1881 2507 Nemo
1940 2453 2154 2507 dubitat
2180 2494 2193 2506 .
2221 2497 2234 2509 .
2262 2506 2275 2518 ,

186 2591 300 2598 ---.

365 2652 392 2707 ¹)
423 2653 608 2703 Ibidem,
639 2652 942 2705 interpretatio
974 2651 1284 2706 depositionis:
1314 2647 1552 2708 Ἑρμηνεία
1582 2651 1663 2706 τῆς
1693 2651 1994 2694 καταθέσεως.
2025 2648 2279 2707 Προῒεκτος

184 2722 208 2767 ὁ
241 2721 575 2778 εύλαβέστατος
606 2723 852 2766 ἐπίσκοπος
883 2723 959 2763 καὶ
988 2719 1272 2780 πρεσβευτής
1290 2713 1400 2764 εἶπε·
1423 2721 1783 2778 Κατανοησάτω
1803 2719 1830 2779 ἦ
1853 2719 2054 2781 ὑμετέρα
2086 2720 2278 2778 οἷγιότης

183 2795 267 2840 τόν
296 2795 446 2840 τύπον
475 2798 562 2840 τοῖν
591 2794 873 2854 γραμμάτων
902 2795 991 2836 τοῦ
1023 2791 1162 2847 οἶγίου
1194 2796 1270 2838 καὶ
1303 2796 1554 2850 σεβασμίου
1586 2793 1727 2838 πάπα
1748 2795 2029 2838 Κελεστίνου
2059 2795 2149 2839 τοῦ
2180 2797 2275 2837 ἐπι-

186 2869 374 2924 σκόπου,
408 2865 431 2913 ὅ
465 2871 788 2927 προετρέψατο
830 2866 914 2924 τὴν
954 2864 1178 2926 ὑμετέραν
1219 2865 1484 2925 ἁγιωσύνην,
1527 2866 1617 2921 οὐχ
1650 2865 1703 2915 ὦς
1735 2866 1996 2923 ἀγνοοῦσαν
2028 2869 2274 2924 διδάσκων,

172 2940 278 2985 ’ἀλλ’
326 2940 383 2988 ὦς
420 2941 725 2996 γινώσκουσαν
764 2939 1125 2996 ὑπομιμνήσκων·
1175 2939 1249 2984 ἵνα
1294 2942 1466 2993 ταῦτα,
1515 2937 1546 2983 ἃ
1589 2943 1665 2984 καὶ
1709 2942 1861 2985 πάλαι
1902 2937 2047 3000 ὥρισε,
2091 2942 2167 2984 καὶ
2196 2943 2276 2984 νῦν

184 3009 445 3068 ὑπομνῆσαι
477 3015 764 3070 κατηξίωσεν,
798 3013 860 3060 εἷς
889 3019 1036 3072 πέρας
1066 3013 1300 3070 κελεύσητε
1330 3016 1645 3072 πληρέστατον
1679 3011 1893 3068 ἄγεσθαι,
1926 3012 2046 3057 κατά
2077 3011 2160 3057 τὸν
2193 3030 2276 3055 κα-

184 3086 297 3130 νόνα
325 3089 408 3143 τῆς
437 3087 630 3133 πίστεως
661 3089 737 3129 καὶ
769 3085 888 3129 κατοὶ
919 3085 974 3129 τὸ
1007 3086 1232 3146 χρήσιμον
1261 3089 1345 3143 τῆς·
1375 3088 1626 3144 καθολικῆς
1656 3087 1897 3143 ἐκκλησίας.

362 3161 396 3216 ²)
427 3162 613 3205 Ibidem.
647 3160 819 3218 Φίρμος
849 3160 1096 3206 ἐπίσκοπος
1125 3160 1415 3219 Καισαρείας
1431 3160 1784 3206 Καππαδοκίας
1815 3151 1925 3203 εἶπε·
1948 3160 2028 3201 καὶ
2047 3158 2276 3218 πρότερον

186 3228 337 3297 ψῇφον
369 3234 529 3284 ἐπέσχε
570 3234 646 3275 καὶ
690 3232 838 3275 τύπον
878 3234 943 3289 τῷ
985 3233 1241 3291 πράγματι,
1284 3230 1309 3275 ὁ
1353 3230 1662 3279 ἄποστολικός
1704 3235 1781 3275 καὶ
1824 3230 1956 3286 ἅγιος
1986 3231 2160 3291 θρόνος
2187 3235 2276 3274 τοῦ

189 3301 450 3356 ἁγιωτάτου
483 3305 736 3366 ἐπισκόπου
767 3299 1043 3348 Κελεστίνου
1077 3304 1158 3348 διά
1180 3306 1459 3365 γραμμάτων
1490 3307 1579 3350 τῶν
1609 3304 1727 3365 πρὸς
1756 3304 1866 3350 τούς
1889 3305 2277 3354 θεοφιλεστάτους

190 3375 472 3422 ἐπισκόπους
503 3413 512 3422 .
547 3409 557 3420 .
590 3410 601 3421 .
635 3369 682 3430 ὧ-
699 3375 1099 3434 ἀκολουθήσαντες
1143 3381 1219 3420 καὶ
1260 3376 1386 3435 ἡμεῖς
1415 3379 1564 3422 πάλαι
1594 3379 1676 3436 τῆς
1705 3378 1994 3437 προθεσμίας
2022 3379 2104 3434 τῆς
2135 3378 2274 3419 δεδο-

188 3451 321 3503 μένης
348 3449 586 3506 Νεστορίῳ
621 3448 683 3494 εἷς
716 3449 971 3508 διόρθωσιν
1000 3451 1323 3508 παρελθούσης
1346 3485 1358 3498 .
1382 3485 1393 3499 .
1428 3484 1437 3494 .
1470 3449 1554 3495 τόν
1585 3451 1735 3494 τύπον
1767 3446 2110 3505 ἑξεβιβάσαμεν,
2143 3466 2272 3492 κανο-

188 3517 313 3576 νικὴν
344 3521 422 3562 καὶ
452 3518 764 3578 άποστολικὴν
797 3519 922 3578 αὐτῷ
953 3518 1320 3580 κατανοήσαντες
1351 3524 1511 3583 κρίσιν.
1959 3531 1962 3534 ’

368 3591 404 3647 ³)
435 3589 535 3637 Act.
566 3594 624 3637 ΙΙ.
657 3609 726 3649 ap.
758 3595 976 3641 Harduin.
1009 3600 1041 3640 t.
1073 3597 1132 3641 ΙΙ.
1165 3612 1207 3651 p.
1240 3597 1338 3641 306.
1371 3612 1470 3652 sqq.
1513 3597 1613 3639 Καὶ
1644 3594 1761 3647 μετά
1792 3595 1877 3652 τήν
1910 3591 2162 3648 ἀνάγνωσιν
2192 3595 2275 3651 τῆς

190 3667 586 3722 προγεγραμμένης·
631 3666 869 3722 ἐπιστολῆς
914 3666 960 3709 οἱ
998 3664 1329 3722 εύλαβέστατοι
1371 3669 1613 3712 ἐπίσκοποι
1655 3668 1869 3725 ἐβόησαν·
1914 3665 2033 3724 αὕτη
2062 3666 2087 3724 ἦ
2119 3668 2275 3712 πίστις

190 3737 278 3779 τῶν
314 3740 538 3796 πατέρων·
572 3734 688 3794 αὕτη
720 3735 746 3794 ἦ
779 3739 932 3785 πίστις
961 3741 1050 3783 τοῖν
1082 3739 1364 3784 ἀποστόλων·
1385 3740 1554 3787 πάντες
1586 3737 1705 3784 οὕτω
1737 3739 2021 3792 πιστεύομεν·
2056 3739 2100 3783 οἱ
2130 3737 2272 3799 ὀρθ-ό·

192 3809 326 3855 δοξοι
357 3806 475 3853 οὕτω
508 3809 814 3854 πιστεύουσιν·
848 3808 1064 3863 ἀνάθεμα
1093 3814 1157 3869 τῷ
1185 3811 1245 3870 μὴ
1279 3810 1398 3856 οὕτω
1431 3813 1711 3860 πιστεύοντι,
1752 3815 1931 3870 Πέτρος
1962 3810 2042 3855 διοὲ
2072 3812 2275 3858 Λέοντος

175 3881 346 3931 ταῦτα
377 3883 640 3941 ἐξεφώνησεν
673 3916 699 3930 ,f
718 3917 730 3933 .
762 3917 775 3930 .
809 3881 963 3929 οὐδεὶς
985 3880 1261 3939 ἀμφιβάλλει
1284 3919 1294 3931 .
1317 3918 1330 3932 .
1356 3922 1364 3930 .
1397 3885 1566 3931 πάντες
1597 3884 1642 3928 οἱ
1673 3882 2000 3939 εὐλαβέστατοι
2031 3885 2273 3928 ἐπίσκοποι

2361 468 2554 502 Proiectus.

2317 1230 2462 1262 Firmus
2481 1240 2616 1266 caesar.

2311 1991 2620 2029 chalcedonenses.

170 3942 174 3945 ¹
194 3952 404 4011 ἐβόησαν*
425 3952 549 4011 ἡμεῖς
571 3951 689 3999 οὕτω
712 3956 1001 4008 πιστεύομεν·
1022 3954 1144 4012 ἡμῶν
1168 3954 1324 4002 οὐδεὶς
1346 3954 1635 4013 ἀμφιβάλλει,
1665 3954 1792 4014 ἡμεῖς
1826 3954 1915 4015 ἤδη
1948 3954 2272 4019 ύπεγράψαμεν
2320 3989 2330 4004 .

193 4059 207 4075 .
240 4060 251 4077 .
283 4062 295 4076 .
329 4029 537 4083 δεόμεθα
567 4031 674 4090 περὶ
703 4031 790 4075 τῶν
820 4034 1033 4090 πατέρων
1065 4029 1177 4077 τούς
1207 4035 1417 4091 πατέρας
1445 4033 1506 4090 τῇ
1537 4031 1719 4091 συνόδῃ.
