2626 4432
1202 157 1561 214 „14-

366 336 633 395 curreret,
687 333 740 381 et
789 342 893 379 una
933 329 1077 376 esset
1128 319 1389 383 ecclesia,
1443 315 1527 368 cui
1572 311 1803 365 fideliter
1849 307 2212 375 crederetur.„
2287 306 2424 360 Hinc

364 425 500 477 idem
539 421 558 452 ¹
594 422 777 473 docet:
821 416 996 485 „Petri
1034 411 1472 481 gubernationem
1497 403 1843 473 principalem
1880 416 2026 466 esse,
2065 399 2424 464 universoque

363 517 518 584 gregi
554 516 604 566 in
645 515 774 565 orbe
812 517 1072 563 terrarum
1108 504 1387 567 debitam„
1421 527 1484 535 —-
1525 496 1594 549 Et
1632 496 1755 548 hinc
1787 495 1922 546 alius
1948 493 2093 544 Petri
2127 505 2424 558 successor,

158 623 276 659 Felix
303 622 343 658 Ρ.
363 605 518 659 Felix
547 599 570 634 ²
601 601 859 666 affirmat,
900 596 1248 665 „auctoritate
1286 591 1461 656 Petri,
1505 589 1592 656 qui
1632 601 1863 639 summus
1902 590 1985 636 est
2022 581 2426 651 Apostolorum,

362 702 515 764 petra
569 693 722 758 fidei,
777 690 1129 755 coelestisque
1192 686 1531 753 dispensator
1583 680 1850 749 mysterii,
1920 677 2150 730 omnium
2205 675 2427 727 solidari

362 784 668 851 dignitatem
708 781 1095 847 sacerdotum„

102 921 342 967 ‘'yprffflm·
500 916 681 985 Atque
719 918 841 970 hinc
878 932 1084 969 rursum
1125 910 1427 980 Cyprianus
1457 906 1506 962 3:
1550 909 1700 977 „Hoc
1737 913 1891 960 erant
1923 907 2103 974 utique
2131 911 2187 957 et
2224 894 2441 971 caeteri

359 1011 610 1080 Apostoli
649 1009 789 1078 quod
837 1011 933 1062 fuit
983 1008 1206 1071 PetruS,
1260 1004 1379 1073 pari
1426 1003 1694 1056 consortio
1749 999 1977 1069 praediti
2016 1005 2070 1050 et
2108 998 2326 1050 honoris
2375 999 2429 1048 et

360 1103 642 1172 potestatis
656 1142 669 1169 ‚
711 1102 807 1154 sed
848 1100 1120 1153 exordium
1160 1101 1226 1151 ab
1265 1098 1466 1151 unitate
1508 1095 1895 1164 proficiscitur,
1948 1098 2007 1145 ut
2052 1091 2285 1144 ecclesia
2322 1107 2428 1143 una

359 1201 726 1262 monstretur.„
802 1193 861 1245 In
886 1210 1002 1260 qua
1034 1192 1261 1261 proinde
1298 1207 1401 1243 una
1446 1188 1842 1255 universalique
1883 1186 2113 1239 ecclesia
2152 1185 2430 1254 praesidet

8 1300 233 1345 (ἔνεμον-ωε
254 1289 612 1355 naz-theologo
651 1303 715 1340 ac
753 1287 974 1339 doctore
1006 1301 1206 1337 summo
1243 1284 1571 1342 nazianzeno
1601 1281 1866 1348 Gregorio
1901 1276 1924 1309 ⁴
1965 1267 2178 1346 „Roma
2196 1263 2428 1345 antiqua,
2458 1265 2468 1271 ⁸

360 1382 449 1434 ubi
487 1387 597 1432 tota
639 1386 820 1433 sancte
861 1378 1153 1431 custoditur
1192 1377 1405 1429 divinae
1442 1376 1681 1428 veritatis
1721 1371 2061 1439 concordia„
2288 1374 2290 1376 ’

656 1579 716 1631 11.
755 1579 986 1632 Ecclesia
1024 1591 1242 1629 romana
1279 1577 1498 1628 societas
1529 1577 1605 1626 est
1636 1574 1850 1625 unitatis
1881 1562 2110 1625 visibilis,

513 1708 589 1760 18.
632 1705 763 1759 Cum
820 1707 902 1758 his
947 1712 1122 1758 autem
1172 1720 1363 1757 nexum
1414 1705 1751 1770 vinctumque
1804 1702 1895 1757 IV.
1952 1703 2054 1754 hoc
2103 1707 2217 1768 est,
2281 1699 2426 1768 quod

364 1818 520 1868 quum
560 1796 800 1852 Christus
837 1800 1088 1851 Dominus
1128 1798 1355 1850 voluerit
1384 1794 1422 1863 5,
1458 1807 1515 1849 ut
1553 1812 1648 1848 sua
1675 1796 1906 1849 ecclesia
1940 1794 2201 1847 visibilem
2237 1793 2430 1846 faciem

365 1893 695 1962 praeferret,
748 1891 986 1958 ejusdem
1025 1906 1235 1958 quoque
1273 1889 1526 1943 unitatem
1566 1889 1909 1958 conspicuam
1946 1888 2090 1940 velle
2144 1903 2209 1940 ac
2247 1887 2430 1940 facere

366 1986 621 2039 debuerit.
689 1984 837 2037 Haec
876 1990 1049 2037 autem
1089 2000 1242 2050 quam
1271 1982 1515 2035 Christus
1553 1981 1722 2034 voluit
1750 1997 1814 2034 ac
1839 1981 2064 2033 instituit
2089 1979 2382 2048 conspicua
2409 1974 2433 2009 ⁶

481 2200 493 2226 ¹
525 2197 607 2254 Ep.
640 2197 740 2241 XII.

479 2270 496 2296 ²
526 2268 597 2312 Ad
627 2268 856 2312 Flavitam
887 2268 1164 2313 constantin.
1196 2279 1266 2324 ep.
1296 2265 1410 2311 XIII.

479 2342 496 2370 3
526 2342 591 2385 De
623 2341 734 2389 unit.
763 2341 877 2385 eccl.
1201 2377 1204 2380 .

478 2415 495 2443 ⁴
528 2414 593 2457 De
623 2414 722 2458 vita
751 2427 835 2458 sua
867 2426 1051 2458 carmen
1079 2413 1153 2458 XI.
1184 2425 1259 2456 vv.
1289 2412 1381 2472 570
1403 2422 1501 2468 sqq.
1534 2408 1605 2452 ed.
1633 2408 1740 2452 Par.
1767 2409 1893 2452 1842.
1927 2412 1970 2453 t:
1989 2407 2038 2452 11.
2070 2421 2115 2465 p.
2147 2409 2247 2452 704.

853 2482 1031 2529 Τούτων
1063 2483 1113 2527 δὲ
1145 2487 1295 2533 πίστις
1325 2481 1351 2540 ἡ
1381 2482 1463 2540 μὲν
1494 2481 1666 2538 (Roma
1699 2479 1978 2538 occidentis)

1397 2549 1449 2612 ἧν
1478 2555 1525 2598 ἐκ
1555 2555 1758 2603 πλείονος

856 2633 949 2676 Καὶ
978 2637 1053 2676 νῦν
1083 2629 1140 2675 ἔτ’
1174 2632 1293 2675 ἔστιν
1323 2625 1573 2689 εὔδρομος,
1604 2625 1682 2683 τὴν

1399 2702 1593 2761 ἑσπέραν

858 2777 1019 2817 Horam
1051 2769 1218 2818 ὃὲουσα
1253 2771 1317 2831 τῷ
1349 2776 1553 2834 σωτηρίῳ

1390 2844 1508 2905 λόγῳ

852 2917 1033 2968 Καθὼς
1064 2918 1236 2962 δίκαιον
1265 2916 1345 2975 τὴν
1375 2915 1599 2977 πρόεδρον

1402 2995 1485 3034 τῶν
1516 2987 1653 3043 ὅλων,

843 3059 964 3117 Ὅλην
995 3061 1216 3120 σέβουσαν
1247 3059 1322 3119 τὴν
1355 3063 1475 3105 θεοῦ

1402 3138 1678 3191 συμφωνίαν.

487 3203 505 3232 ⁵
536 3203 582 3247 In
613 3215 665 3247 re
690 3202 935 3259 explorata
965 3215 1057 3246 non
1089 3202 1350 3260 displicebit
1373 3203 1606 3261 explicata
1637 3205 1839 3250 nondum
1870 3200 2152 3251 auctoritate
2183 3205 2266 3262 uti,
2298 3207 2434 3263 quam

373 3275 722 3334 suppeditatim.
776 3275 895 3330 Mai,
933 3274 1054 3332 apud
1096 3288 1226 3331 quem
1274 3275 1320 3320 in
1367 3289 1493 3321 nova
1533 3277 1620 3321 ΡΡ.
1662 3277 1760 3321 Bib.
1803 3282 1834 3322 t.
1874 3278 1925 3322 V.
1964 3292 2008 3336 p.
2042 3280 2138 3323 197.
2183 3278 2252 3323 ita
2292 3278 2436 3323 habet

85 3362 407 3407 Nicephorum&
439 3348 727 3404 Nicephorus
771 3360 858 3403 pro
900 3348 1071 3391 sanctis
1111 3347 1388 3405 imaginibus
1435 3348 1695 3405 disputans:
1745 3350 1906 3405 „Mons
1944 3364 2060 3409 ergo
2099 3349 2282 3395 Domini
2325 3363 2449 3395 con·-

373 3420 557 3477 spicuus
599 3418 925 3464 existimandus
971 3424 1063 3474 est,
1109 3424 1159 3464 ut
1208 3420 1464 3464 summatim
1505 3421 1676 3477 dicam,
1722 3435 1888 3467 sacrae
1924 3423 2153 3467 ecclesiae
2197 3422 2434 3479 nobilitas,

372 3489 497 3535 nitor
527 3495 664 3548 atque
694 3492 938 3550 majestas,
984 3495 1031 3535 et
1071 3505 1187 3548 quae
1228 3505 1328 3536 eam
1367 3493 1552 3538 inaurat
1592 3497 1731 3551 atque
1763 3498 1902 3539 ornat
1946 3495 2164 3540 hilariter
2191 3494 2434 3543 admodum

372 3562 723 3620 splendideque,
755 3562 1131 3622 evangelicarum
1162 3563 1477 3610 doctrinarum
1492 3566 1710 3623 puritas,
1751 3566 2107 3624 dogmatumque
2147 3564 2355 3611 altitudo
2378 3577 2435 3610 ac

371 3634 651 3691 sublimitas,
684 3636 835 3680 omnia
866 3637 1047 3693 inquam
1078 3638 1299 3682 humanos
1329 3635 1445 3682 fines
1479 3638 1773 3693 excedentia,
1806 3639 1993 3683 excelsa
2023 3643 2071 3682 et
2092 3650 2288 3682 summa:
2316 3647 2435 3695 quo*-

371 3719 473 3750 rum
500 3708 677 3752 sonitus
709 3712 756 3752 et
785 3708 1155 3764 praedicationes
1187 3709 1359 3754 diserte
1392 3710 1614 3766 clamant,
1647 3715 1694 3755 et
1727 3710 1925 3755 omnium
1943 3710 2145 3760 ,auribus
2177 3708 2433 3758 clarissime

373 3778 603 3835 intonant,
643 3780 783 3824 divini
824 3780 1032 3837 mysterii
1071 3782 1488 3827 manifestationem
1529 3781 1797 3839 facientes,
1819 3781 2024 3827 aeternis
2054 3781 2341 3838 temporibus
2373 3780 2434 3825 si-

374 3848 519 3894 lentio
549 3851 723 3907 pressi,
756 3865 789 3895 a
815 3852 987 3897 sanctis
1019 3853 1193 3898 demum
1224 3855 1478 3912 Scripturis
1511 3853 1782 3911 notificati„
1959 3864 1963 3868 ⁴

493 3920 512 3950 ⁶
540 3921 681 3975 Quum
719 3922 774 3967 de
805 3924 1029 3969 ecclesiae
1062 3925 1331 3972 visibilitate
1361 3927 1543 3985 agitur,
1588 3940 1681 3973 non
1725 3926 1963 3983 quaeritur
1993 3922 2233 3983 profecto,
2279 3927 2432 3969 utrum
