2716 4446
131 1913 288 1949 Ecclesia
308 1917 417 1949 antio-

220 1961 340 1996 chana.

162 2330 403 2365 Theodoram.

1342 135 1676 198 -252-

474 279 712 351 piamus:
773 276 882 346 „At
937 276 1186 349 quamvis
1240 297 1328 333 res
1386 280 1464 333 ita
1501 298 1559 333 se
1597 278 1811 348 habeat,
1850 299 1958 335 non
1995 281 2146 353 prius
2166 290 2366 338 tamen
2400 281 2549 339 illius

476 372 907 426 communionem
947 370 1280 425 confidenter
1318 370 1569 426 deserere
1607 374 1727 426 ausi
1764 373 1992 443 fuimus,
2049 393 2211 447 quam
2248 376 2385 431 haec
2429 378 2552 449 ipsa

470 465 661 536 pietati
698 472 824 518 tuae
861 463 1244 519 indicaremus,
1318 465 1582 536 Digneris
1619 467 1847 538 proinde
1897 467 2053 522 nobis
2103 468 2380 524 declarare
2419 471 2552 543 quid

471 558 573 612 tibi
610 558 893 612 videatur:
933 575 1039 629 quo
1079 557 1288 630 liquido
1326 558 1485 612 nobis
1514 566 1741 628 constet,
1781 562 2182 617 communicare
2207 582 2276 617 ne
2302 581 2401 618 nos
2426 582 2549 618 cum

469 652 563 706 illo
602 660 864 724 oporteat,
906 671 977 705 an
1015 670 1145 706 vero
1183 651 1356 707 libere
1393 653 1571 707 eidem
1608 653 1949 726 denuntiare,
1996 657 2268 711 neminem
2305 676 2429 711 cum
2466 658 2548 728 eo,

471 750 565 819 qui
603 745 868 801 eiusmodi
907 765 1190 800 erroneam
1215 746 1519 801 doctrinam
1546 747 1694 802 fovet
1719 767 1783 802 ac
1810 749 2106 822 praedicat,
2135 751 2548 806 communicare.

468 842 636 896 Porro
675 849 800 896 tuae
838 842 1167 912 integritatis
1204 861 1360 896 mens
1398 849 1452 896 et
1502 861 1667 915 super
1702 842 1806 898 hac
1841 862 1900 898 re
1940 846 2209 899 sententia
2243 863 2353 899 non
2388 844 2548 900 modo

467 937 725 1008 piissimis
762 935 993 1007 Deoque
1051 935 1419 989 devotissimis
1455 935 1812 991 Macedoniae
1870 938 2171 1009 episcopiS,
2229 938 2327 992 sed
2381 939 2547 994 totius

469 1048 683 1101 quoque
721 1029 943 1084 orientis
982 1028 1312 1083 antistitibus
1363 1031 1652 1102 perspicue
1695 1049 1794 1103 per
1847 1029 2055 1086 litteras
2113 1033 2314 1106 exponi
2369 1031 2546 1090 debet.

467 1122 608 1177 Nam
647 1123 992 1195 cupientibus
1029 1122 1138 1177 illis
1196 1142 1386 1178 ansam
1424 1123 1697 1187 dabimus,
1754 1132 1815 1179 ut
1869 1144 2057 1179 omnes
2113 1143 2222 1180 uno
2273 1126 2453 1180 animo
2490 1127 2547 1181 in
2581 1121 2586 1126 ’

468 1237 578 1272 una
616 1219 886 1272 sententia
940 1218 1259 1290 persistant3
1315 1226 1607 1291 rectaeque
1644 1218 1772 1273 fidei
1831 1238 1971 1292 quae
2019 1219 2127 1273 iam
2182 1221 2546 1291 impugnatur,

468 1332 628 1385 opem
665 1312 891 1382 ferant„
968 1311 1150 1369 Causa
1186 1314 1368 1385 itaque
1405 1313 1722 1367 recurrendi
1760 1320 1876 1367 erat
1936 1312 2230 1369 obtinenda
2284 1312 2562 1382 ἀσφάλεια,

467 1407 710 1480 perfecta
747 1407 1010 1461 securitas
1049 1425 1114 1460 ac
1154 1413 1272 1461 tuta
1309 1406 1575 1461 certitudo
1618 1408 1676 1460 in
1713 1407 1931 1479 negotio
1971 1406 2359 1463 custodiendae
2395 1406 2542 1477 fidei,

467 1503 718 1574 puritatis
744 1503 862 1556 eius
901 1501 1255 1574 eiusdemque
1276 1501 1529 1555 unitatis:
1568 1500 1705 1555 haec
1732 1521 1766 1555 a
1784 1519 2039 1555 romanae
2061 1501 2206 1556 sedis
2231 1501 2541 1573 integritate

469 1595 716 1668 episcopi
774 1594 1068 1650 orientales
1143 1593 1430 1649 orthodoxi
1492 1613 1679 1649 omnes
1744 1602 2064 1667 quaerentes
2120 1595 2541 1667 exspectabant3

467 1691 633 1745 iidem
677 1709 805 1762 ergo
846 1689 1224 1758 certitudinem
1275 1696 1473 1759 tutam,
1540 1690 1912 1759 securitatem,
1970 1688 2259 1759 ἀσφάλειαν,
2315 1691 2373 1746 in
2419 1689 2547 1744 fidei

466 1785 684 1857 negotio
724 1784 870 1857 apud
907 1803 1190 1838 romanum
1229 1785 1544 1855 episcopum
1583 1783 1827 1855 profecto
1868 1783 2260 1856 supponebant.

639 1901 762 1955 280.
803 1899 891 1953 Ad
916 1899 1051 1954 haec
1078 1899 1502 1968 considerentur,
1532 1917 1672 1972 quae
1699 1898 1739 1971 ¹)
1767 1898 2073 1954 luculentus
2100 1919 2196 1972 pro
2224 1901 2546 1956 antiocheno
2625 1932 2637 1943 ·

464 1994 833 2067 patriarchatu
901 1994 1055 2055 testis
1113 1992 1491 2047 Theodoretus
1548 1992 1619 2046 ad
1671 1992 1914 2047 Leonem
1970 1994 2112 2048 inter
2166 1993 2275 2048 alia
2331 1995 2548 2067 scripsit

464 2089 800 2162 propositum
838 2094 1219 2159 argumentum
1277 2106 1347 2140 ex
1386 2086 1574 2157 ordine
1631 2086 1900 2159 pleneque
1937 2095 2288 2159 pertractans.
2363 2088 2545 2160 Atque

466 2182 610 2238 illico
651 2183 720 2237 ab
759 2183 914 2237 initio

641 2302 687 2353 1.
726 2300 1107 2354 necessitatem
1132 2317 1386 2353 recursus
1412 2299 1481 2352 ad
1501 2318 1779 2352 romanam
1808 2298 1992 2353 sedem
2019 2279 2255 2371 probans
2280 2300 2546 2354 rationem

466 2396 603 2468 petit
639 2415 673 2449 a
708 2397 920 2458 minori,
960 2403 1023 2448 ut
1060 2393 1333 2448 dialectici
1371 2393 1521 2465 loqui
1559 2401 1768 2462 amant,
1825 2393 1896 2448 ad
1945 2395 2147 2448 maius:
2204 2393 2459 2447 videlicet
2481 2393 2544 2466 ⁹),

471 2490 564 2560 „Si
600 2488 802 2542 Paulus
840 2507 1039 2560 praeco
1078 2488 1322 2541 veritatis
1373 2487 1443 2540 ad
1491 2506 1748 2558 magnum
1795 2487 2011 2540 Petrum
2065 2506 2122 2540 se
2173 2487 2425 2556 contulit,
2485 2494 2545 2542 ut

466 2585 550 2653 iis,
589 2584 682 2656 qui
720 2582 1045 2637 Antiochiae
1095 2582 1163 2635 de
1201 2581 1366 2653 legali
1417 2582 1829 2636 conversatione
1876 2580 2248 2652 ambigebant,
2301 2581 2540 2652 explica-

465 2679 669 2732 tionem
707 2676 777 2731 ab
815 2676 908 2731 illo
947 2676 1201 2745 referret,
1255 2675 1423 2730 multo
1475 2676 1651 2746 magis
1706 2694 1806 2729 nos
1856 2674 2090 2729 humiles
2141 2682 2196 2729 et
2247 2674 2433 2746 pusilli
2471 2674 2541 2728 ad

465 2967 579 3020 μετὰ
621 2966 878 3027 παρρησίας
919 2962 994 3008 ὅτι
1033 2964 1237 3007 τοιαῦτα
1278 2963 1525 3022 φρονοῦντι
1565 2965 1641 3006 καὶ
1681 2964 1954 3007 διδάσκοντι
1985 2959 2138 3009 οὐδεὶς
2167 2967 2380 3009 κοινωνεῖ.
2411 2959 2538 3007 τόνδ’

468 3042 543 3084 ἐπὶ
586 3040 773 3084 τούτοις
819 3035 991 3081 σκοπὸν
1034 3038 1115 3093 τῆς
1157 3036 1236 3088 σῆς
1282 3036 1548 3090 θεοσεβείας
1594 3039 1669 3094 (al.
1715 3037 2024 3093 τελειότητος)
2072 3035 2160 3095 χρὴ
2205 3039 2418 3089 γενέσθαι
2457 3035 2542 3079 διὰ

466 3113 744 3172 γραμμάτων
792 3109 1035 3165 καταφανῆ
1078 3109 1155 3150 καὶ
1199 3113 1297 3153 τοῖς·
1341 3105 1687 3162 εὐσεβεστάτοις
1729 3110 1805 3151 καὶ
1851 3108 2229 3158 θεοφιλεστάτοις·
2273 3108 2542 3154 ἐπισκόποις

465 3191 565 3231 τοῖς
608 3183 727 3229 κατὰ
771 3182 1069 3227 Μακεδονίαν
1117 3182 1193 3223 καὶ
1237 3177 1386 3223 ἅπασι
1430 3186 1528 3225 τοῖς
1574 3179 1692 3224 κατοὶ
1729 3180 1813 3237 τήν
1853 3179 2096 3238 ἀνατολήν.
2129 3183 2412 3233 ἐπιθυμοῦσι
2448 3179 2539 3240 γὰρ

467 3257 628 3303 αὐτοῖς
665 3257 864 3307 δώσομεν
909 3252 1121 3313 ἀφορμὰς·
1162 3253 1250 3296 τοῦ
1289 3253 1469 3299 πάντας
1507 3254 1592 3310 μιᾷ
1637 3255 1764 3313 ψυχῇ
1810 3255 1887 3297 καὶ
1929 3255 2015 3311 μιᾷ
2058 3253 2206 3314 γνώμῃ
2253 3255 2431 3310 στῆναι,
2462 3255 2539 3297 καὶ

442 3330 842 3384 ἐπαγωνίσασθαι
872 3328 933 3386 τῇ
962 3325 1090 3385 ὀρθῇ
1119 3325 1273 3368 πίστει
1302 3328 1626 3385 πολεμουμένῃ,

642 3419 675 3474 ¹)
706 3420 790 3473 Ep.
838 3417 1002 3460 CXIII.
1049 3430 1120 3471 ap.
1167 3416 1307 3470 Mign.
1354 3429 1420 3470 gr.
1465 3417 1555 3460 PP.
1600 3421 1631 3458 t.
1679 3415 1752 3461 83.
1793 3430 1868 3472 pp.
1911 3414 2038 3460 1312.
2069 3430 2166 3471 sqq.
2201 3415 2271 3461 Cf.
2304 3415 2540 3459 Christiani

464 3495 581 3549 Lupi
620 3493 840 3535 dissertat.
880 3490 936 3534 V.
978 3489 1033 3531 de
1069 3502 1176 3531 rom.
1219 3489 1513 3543 appellatione
1553 3488 1820 3531 Theodoreti
1851 3503 2022 3544 cyrenS.
2054 3489 2186 3544 episc.
2217 3502 2318 3544 opp.
2348 3493 2382 3533 t.
2413 3489 2538 3532 VIII.

465 3580 539 3621 pp.
572 3564 673 3610 348.
705 3578 801 3619 sqq.

641 3638 674 3688 ²)
705 3638 818 3680 Ibid.
850 3650 895 3691 p.
928 3633 1057 3678 1312.
1105 3631 1164 3675 Εἰ
1196 3632 1395 3683 Παῦλος,
1437 3631 1520 3688 τῆς
1558 3629 1781 3687 ἀληθείας
1812 3630 1838 3675 ὁ
1873 3632 2028 3691 κῆρυξ,
2059 3629 2088 3690 ἦ
2116 3632 2206 3675 τοῦ
2234 3627 2374 3684 ἁγίου
2402 3628 2535 3673 πνεὺ.

464 3721 612 3759 ματος
652 3707 859 3759 σάλπιγξ,
901 3703 1018 3764 πρὸς
1061 3705 1144 3748 τόν
1184 3707 1325 3756 μέγαν
1367 3705 1537 3762 ἔδραμε
1566 3704 1759 3762 Πέτρον,
1803 3700 1916 3748 ὥστε
1945 3709 2045 3749 τοῖς
2074 3705 2119 3747 ἐν
2146 3700 2402 3759 Ἀντιοχείᾳ
2430 3702 2537 3760 περὶ

465 3780 547 3835 τῆς
576 3778 695 3822 κατὰ
725 3779 864 3830 νόμον
896 3777 1132 3822 πολιτείας
1181 3773 1519 3832 ἀμφισβητοῦσι
1564 3772 1674 3833 παρ’
1709 3772 1859 3819 αὐτοῦ
1895 3774 2079 3826 κομίσαι
2106 3772 2189 3817 riv
2217 3773 2357 3827 λύσιν,
2386 3771 2534 3829 πόλλῳ

465 3854 633 3904 μᾶλλον
663 3850 789 3909 ἡμεῖς
819 3850 864 3894 οἱ
894 3847 1085 3895 εὐτελεῖς
1114 3849 1191 3892 καὶ
1222 3849 1421 3906 omnent,
1444 3844 1563 3906 πρός
1582 3844 1667 3890 τόν
1689 3843 1997 3891 ἀποστολικὸν
2025 3842 2146 3896 ὑμῶν
2174 3846 2391 3904 τρέχομεν
2419 3844 2534 3904 1996-

466 3940 557 3976 νον,
589 3921 703 3968 ὥστε
733 3919 844 3982 παρ’
877 3919 1000 3974 ὖμῶν
1031 3923 1188 3976 λαβεῖν
1217 3923 1318 3965 τοῖς
1345 3919 1434 3962 τῶν
1465 3919 1698 3975 ἐκκλησιῶν
1728 3917 1866 3961 ἕλκεσι
1894 3917 2161 3978 θεραπείαν.
