2716 4446
145 1729 271 1764 Nulla
309 1727 495 1773 aequali-

147 1782 215 1816 tas·
230 1781 342 1815 inter
358 1780 496 1825 parti-

147 1832 313 1867 culares
332 1832 491 1874 episco-

144 1893 222 1928 pos
259 1891 495 1918 romanum-

151 1943 228 1980 que
244 1933 494 1980 Pontificem.

154 2743 381 2778 Distinctio
426 2751 495 2779 or·

153 2795 268 2829 diuis
296 2795 335 2830 et
363 2796 496 2830 iuris-

216 2846 427 2884 dictionis,

1340 151 1734 210 -178—

508 314 765 380 originum
808 317 924 363 erat
963 310 1206 376 adeoque
1243 312 1726 365 extraordinarium
1766 312 1974 376 dicitur,
2024 318 2186 380 atque
2226 315 2450 368 alterum
2483 331 2576 369 ec-

507 406 702 459 clesiae
745 404 860 472 jam
909 403 1211 469 explicatae
1267 411 1320 455 et
1367 406 1739 471 consistentiS,
1798 406 1939 473 quod
1991 408 2404 461 continuationis
2453 427 2581 479 per-

505 502 698 566 petuae
732 503 785 547 et
823 494 1148 547 ordinarium
1184 496 1324 548 illius
1363 497 1590 549 stadium
1618 506 1860 551 vocatur.
1935 499 2155 552 Etiamsi
2197 516 2362 569 porro
2389 502 2582 556 Petrus

506 593 762 660 singulari
800 592 1058 660 primatus
1090 590 1474 658 praerogativa
1512 607 1643 658 prae
1677 592 1806 660 ipsis
1832 590 2114 661 Apostolis
2151 595 2440 666 instructus
2465 596 2582 648 fue-

504 689 600 753 rit3
650 701 749 754 pro
790 686 995 737 eximiis
1034 691 1207 738 tamen
1254 686 1443 752 quibus
1483 683 1737 754 Apostoli
1785 689 2124 742 excellebant
2176 689 2582 742 charismatibus

505 779 1040 846 extraordinarioque
1080 778 1345 831 ecclesiae
1384 779 1584 847 stadio,
1634 781 1787 834 locus
1835 781 1979 834 illius
2019 783 2277 834 exercitio
2326 789 2418 834 aut
2461 783 2580 835 nul-

504 874 586 925 lus
626 872 837 924 omnino
873 881 962 924 aut
999 873 1090 924 vix
1130 873 1320 940 aliquis
1360 873 1478 925 dari
1516 880 1745 942 poterat.
1823 873 1933 927 Sed
1975 892 2132 943 quum
2171 876 2394 944 primum
2428 873 2583 945 Apo-

505 965 756 1016 stolorum
787 964 1107 1016 charismata
1132 972 1406 1017 cessarent
1445 981 1510 1018 ac
1537 965 1713 1018 stadio
1741 967 2118 1020 charismatum
2154 966 2583 1020 extraordinario

505 1058 830 1110 ordinarium
873 1058 1219 1122 succederet,
1272 1064 1385 1112 tota
1420 1066 1588 1112 semet
1623 1062 1881 1129 primatus
1927 1063 2010 1114 vis
2052 1077 2152 1131 pro
2199 1061 2365 1113 variis
2403 1075 2583 1112 rerum

505 1166 962 1218 personarumque
1002 1150 1268 1219 adjunctis
1307 1152 1645 1204 multifariam
1683 1154 2006 1222 explicavit,
2062 1152 2200 1205 adeo
2252 1158 2308 1204 ut
2342 1151 2395 1203 in
2433 1150 2582 1203 Petri

505 1245 908 1298 successoribus
948 1246 1282 1297 manifestum
1330 1245 1517 1312 fieret,
1575 1254 1772 1314 quanta
1829 1247 1898 1300 ad
1947 1247 2230 1300 ecclesiam
2283 1243 2575 1313 regendam

506 1339 986 1406 continendamque
1025 1340 1251 1407 principi
1290 1337 1678 1408 Apostolorum
1716 1341 1767 1392 in
1809 1342 1943 1394 alios
1970 1347 2220 1409 pastores
2259 1356 2443 1392 omnes
2482 1355 2580 1410 po-

506 1439 672 1483 testas
697 1432 893 1483 tributa
932 1431 1122 1483 fuisset
1182 1433 1225 1485 E
1253 1435 1443 1501 quibus
1469 1435 1652 1502 liquet,
1692 1434 1836 1488 Petri
1865 1436 2144 1504 primatum
2170 1435 2272 1488 sibi
2302 1433 2583 1502 praeclare

507 1525 809 1578 constitisse
847 1541 951 1576 una
990 1542 1108 1578 cum
1147 1528 1474 1595 reliquorum
1510 1528 1890 1598 discipulorum
1925 1529 2237 1597 apostolicis
2271 1528 2501 1582 dotibus·

655 1705 775 1759 214.
815 1703 928 1758 Sed
965 1706 1095 1759 illud
1134 1708 1339 1775 pariter
1387 1714 1440 1760 et
1490 1707 1654 1760 multo
1693 1708 1850 1760 etiam
1884 1707 2010 1777 jure
2059 1708 2251 1778 majori
2301 1709 2424 1762 inde
2471 1709 2586 1763 col-

510 1802 718 1869 ligitur,
774 1802 919 1854 nullo
973 1808 1133 1870 pacto
1182 1803 1394 1870 plenam
1457 1803 1860 1870 perfectamque
1921 1803 2301 1871 episcoporum
2358 1803 2586 1856 omnium

511 1895 887 1962 aequalitatem
928 1896 1170 1949 obtinere
1211 1912 1327 1948 cum
1367 1897 1599 1948 romanis
1625 1896 1909 1963 episcopis.
1960 1895 2409 1958 Quemadmodum
2449 1896 2586 1949 enim

510 2003 760 2039 romanus
801 1989 1090 2056 episcopus
1128 1989 1181 2039 in
1221 1995 1383 2040 totam
1423 1989 1682 2057 primatus
1718 1988 1867 2041 Petri
1913 1989 2283 2041 auctoritatem
2325 1988 2586 2042 succedit:

509 2083 583 2133 ita
623 2082 867 2149 episcopi
907 2082 1102 2148 singuli
1150 2088 1316 2134 totam
1352 2079 1741 2151 Apostolorum
1790 2081 2160 2134 excellentiam
2210 2082 2419 2133 minime
2457 2096 2588 2135 con-

510 2180 816 2241 sequuntur.
892 2173 1029 2237 Quid
1066 2190 1232 2243 porro
1269 2174 1439 2227 inde?
1473 2175 1590 2228 Hoc
1628 2175 1772 2242 quod
1796 2159 1918 2228 luce
1945 2174 2142 2228 clarius
2182 2181 2290 2226 est:
2330 2174 2601 2241 nimirum„

511 2267 652 2335 quod
687 2268 732 2318 si
772 2269 975 2321 cunctis
1013 2268 1293 2337 Apostolis
1333 2269 1534 2337 primus
1573 2284 1824 2321 romanus
1870 2269 2158 2336 episcopus
2196 2268 2388 2321 Petrus
2425 2285 2588 2338 prae-

510 2362 742 2414 cellebat
797 2361 1056 2429 dignitate
1111 2363 1400 2431 primatuS,
1463 2363 1711 2431 profecto
1764 2363 2173 2416 succedentibus
2223 2362 2303 2415 illi
2354 2363 2588 2415 romanis

509 2455 846 2523 praesulibus
885 2472 1019 2523 prae
1054 2457 1399 2524 sequentibus
1450 2456 1721 2525 episcopis
1765 2456 2005 2508 eamdem
2054 2458 2311 2525 primatus
2360 2472 2588 2526 praero-

509 2547 746 2614 gativam
786 2547 996 2600 detrahi
1034 2549 1180 2602 nullo
1222 2550 1465 2603 colorato
1504 2550 1656 2603 titulo
1695 2565 1874 2618 posse.

656 2728 773 2783 215.
812 2729 1160 2782 Nihilominus
1199 2743 1316 2781 cum
1355 2728 1573 2795 reliquis
1599 2727 1947 2781 heterodoxis
1986 2729 2074 2796 qui
2101 2728 2386 2783 schismate
2410 2728 2587 2782 orien-

511 2823 605 2876 tali
643 2824 896 2892 implicati
935 2824 1200 2876 exsistunt
1234 2822 1510 2890 denegare
1547 2822 1691 2875 illam
1730 2837 1834 2874 non
1875 2821 2148 2874 desinunt:
2200 2837 2358 2889 quum
2407 2828 2583 2874 tamen

510 2918 810 2985 negationis
850 2933 980 2969 suae
1018 2917 1254 2970 rationes
1293 2916 1546 2982 afferunt,
1582 2922 1799 2985 praeter
1836 2915 1972 2969 alias
1998 2915 2352 2969 aberrationis
2391 2930 2586 2968 causas

512 3025 643 3077 quas
672 3009 787 3077 jam
827 3009 1161 3074 sustulimus,
1214 3009 1265 3059 in
1305 3024 1422 3060 eum
1463 3014 1773 3060 constanter
1810 3006 2089 3075 scopulum
2125 3007 2443 3076 impingunt,
2496 3009 2587 3076 qui

511 3103 734 3156 duorum
781 3120 918 3171 quae
969 3106 1036 3156 ab
1088 3104 1318 3156 invicem
1363 3103 1523 3171 plane
1575 3099 1910 3155 secernenda
1960 3101 2139 3153 forent
2183 3102 2587 3170 perturbatione

513 3197 837 3250 continetur:
886 3197 1094 3250 scilicet
1139 3212 1246 3249 non
1293 3197 1393 3248 rite
1440 3202 1498 3247 ut
1545 3201 1758 3263 oportet
1796 3193 2124 3262 distinguunt
2169 3194 2306 3247 inter
2359 3210 2587 3264 praero-

513 3290 747 3356 gativam
787 3289 988 3342 ordinis
1024 3291 1270 3358 interque
1309 3289 1746 3358 praerogativam
1785 3289 2116 3341 auctoritatis
2155 3304 2220 3342 ac
2252 3289 2584 3358 jurisdictio-

515 3382 594 3432 nis
634 3398 787 3449 quam
820 3388 1031 3436 vocant.
1104 3381 1274 3451 Atqui
1314 3382 1512 3451 duplex
1542 3383 1752 3435 omnino
1790 3382 2002 3436 secerni
2031 3383 2083 3434 in
2116 3382 2384 3451 episcopis
2423 3381 2586 3435 debet

516 3476 924 3543 praerogativa,
966 3476 1168 3528 ordinis
1201 3477 1402 3544 altera,
1435 3493 1606 3544 eaque
1644 3477 1747 3529 sita
1782 3477 1836 3528 in
1869 3475 2176 3528 eorumdem
2204 3474 2584 3542 foecunditate,

516 3585 620 3634 qua
658 3575 922 3636 tamquam
961 3576 1144 3637 patres
1190 3570 1455 3622 ecclesiae
1503 3569 1746 3639 ejusdem
1795 3569 2116 3637 perennitati
2165 3569 2449 3622 consulunt
2483 3584 2582 3635 ge-

515 3662 754 3714 nerando
786 3680 1027 3716 manuum
1067 3664 1404 3732 impositione
1443 3664 1577 3716 alios
1624 3678 1832 3716 rursum
1872 3663 2175 3731 episcopos,
2212 3659 2581 3730 procreando-

518 3770 618 3820 que
668 3755 807 3808 filios
860 3757 1310 3825 secundogenitos
1356 3759 1708 3826 presbyteros
1760 3762 1921 3824 atque
1971 3756 2266 3808 ministros:
2319 3759 2375 3806 et
2412 3754 2583 3806 altera

518 3849 847 3901 auctoritatis
886 3866 952 3903 ac
991 3850 1406 3919 jurisdictioniS‚
1457 3868 1563 3919 qua
1618 3849 1681 3919 a)
1721 3850 2030 3919 magisterio
2070 3848 2435 3916 dignitateque
2489 3862 2581 3900 ca-

519 3938 741 3992 thedrae
785 3943 1055 3996 excellunt
1093 3944 1162 3996 ad
1202 3945 1503 3998 testandum
1551 3944 1956 4012 docendumque
1994 3942 2323 4008 authentice,
2376 3939 2443 4010 b)
2482 3956 2581 4012 po-
