2716 4446
1383 220 1447 225 ---
1527 186 1639 243 134
1714 218 1780 223 -

555 347 931 415 pertinentior,
983 362 1086 400 nec
1122 347 1278 399 aliter
1316 344 1541 412 recipiat
1579 362 1611 397 a
1648 344 1765 396 Deo
1803 346 2232 412 procuratoriam
2277 352 2630 417 potestatem3
2665 402 2670 404 ,

554 440 675 505 quia
716 439 784 490 ad
823 439 953 491 illud
994 438 1226 491 officium
1265 438 1556 491 vicariatus
1596 437 1885 503 requiritur
1933 445 1988 490 et
2028 453 2230 491 morum
2285 442 2628 510 conformitas

553 539 606 583 et
646 532 965 583 instituentis
1001 532 1345 597 auctoritas„
1390 530 1574 598 „Papa
1611 544 1718 580 non
1757 535 1840 581 est
1877 546 2038 582 verus
2078 537 2132 584 et
2158 534 2466 587 manifestus
2505 550 2628 588 suc-

552 639 736 676 cessor
773 621 1163 692 Apostolorum
1204 622 1462 691 principis
1500 622 1671 688 Petri,
1710 621 1756 672 si
1795 622 1929 675 vivit
1955 624 2188 677 moribus
2221 627 2504 679 contrariis
2523 626 2627 680 Pe-

550 724 660 785 tro;
701 724 755 769 et
795 719 841 769 si
875 717 1084 784 quaerit
1123 715 1427 779 avaritiam,
1469 720 1594 767 tunc
1637 719 1722 766 est
1759 715 1992 775 vicarius
2026 715 2203 769 Judae
2230 717 2507 774 Iscarioth.
2559 704 2630 770 Et

549 811 668 877 pari
701 809 971 862 evidentia
1010 808 1326 862 Cardinales
1365 825 1472 862 non
1527 817 1648 863 sunt
1698 811 1815 863 veri
1863 817 1918 862 et
1972 811 2628 865 manifesti'successores

551 904 768 970 collegii
805 903 1029 956 aliorum
1069 901 1456 972 Apostolorum
1498 903 1727 970 Christi,
1779 905 2152 958 nisivixerint
2201 921 2349 959 more
2387 904 2628 975 Aposto-

549 997 749 1062 lorum,
789 1002 1070 1047 servantes
1110 995 1358 1048 mandata
1398 1002 1452 1047 et
1493 996 1714 1048 consilia
1754 995 1963 1048 Domini
2003 997 2171 1048 nostri
2210 996 2345 1049 Jesu
2377 994 2626 1066 Christi„
2671 1054 2677 1064 ᾖ

552 1089 705 1156 „Non
747 1095 828 1140 est
863 1089 1092 1142 scintilla
1128 1089 1501 1157 apparentiae,
1543 1088 1685 1156 quod
1724 1097 1976 1157 oporteat
2017 1105 2138 1142 esse
2176 1106 2336 1142 unum
2376 1091 2539 1158 caput
2575 1091 2630 1142 in

549 1183 915 1250 spiritualibus
977 1196 1172 1248 regens
1232 1181 1542 1247 ecclesiam,
1600 1180 1744 1247 quod
1798 1197 2008 1249 semper
2062 1198 2180 1234 cum
2230 1182 2463 1233 ecclesia
2508 1181 2628 1249 ipsa

550 1275 805 1326 militante
846 1279 1194 1325 conversetur
1232 1279 1287 1324 et
1324 1278 1723 1340 conservetur.„
1781 1270 2057 1340 „Christus
2096 1273 2210 1325 sine
2244 1274 2440 1327 talibus
2479 1289 2629 1326 mon-

549 1369 774 1421 struosis
811 1368 1076 1435 'capitibus
1117 1383 1216 1434 per
1254 1381 1379 1418 suos
1419 1381 1643 1418 veraces
1691 1365 1984 1435 discipulos
2023 1383 2244 1436 sparsos
2294 1385 2393 1437 per
2441 1371 2625 1422 orbem

552 1470 813 1514 terrarum
853 1460 1039 1512 melius
1080 1476 1226 1511 suam
1262 1459 1546 1512 ecclesiam
1594 1460 1922 1528 regularet.„
2003 1459 2292 1530 „Apostoli
2343 1468 2397 1514 et
2434 1461 2629 1519 fideles
2680 1448 2683 1449 ⁷

549 1554 861 1607 sacerdotes
901 1554 1109 1606 Domini
1149 1561 1363 1605 strenue
1420 1553 1471 1603 in
1528 1554 1851 1622 necessariis
1908 1553 1978 1606 ad
2029 1550 2258 1607 salutem
2313 1539 2630 1623 regularuut

549 1649 850 1716 ecclesiam,
891 1655 1171 1714 antequam
1203 1647 1385 1715 Papae
1411 1645 1643 1698 officium
1671 1648 1811 1699 foret
1842 1647 2231 1701 introductum:
2268 1650 2345 1702 sic
2371 1649 2628 1716 facerent,

551 1740 835 1793 deficiente
866 1757 966 1809 per
1004 1756 1204 1792 summe
1246 1740 1502 1808 possibile
1540 1740 1693 1808 Papa
1731 1756 1900 1808 usque
1933 1741 2001 1793 ad
2042 1741 2178 1794 diem
2204 1742 2446 1811 judicii.,‚

239 1899 465 1959 Praecepta
507 1908 531 1934 a
692 1887 919 1955 Insuper
976 1883 1041 1954 6)
1096 1886 1224 1937 talia
1272 1891 1420 1952 sunt,
1483 1884 1550 1936 de
1590 1886 1781 1952 quibus
1813 1882 1832 1916 ¹
1884 1872 2146 1938 Martinus
2185 1885 2250 1938 V.
2301 1887 2630 1953 interrogari

253 1950 438 1985 Man-uno
475 1950 517 1986 γ’
549 1981 716 2033 voluit
754 1980 995 2032 haeresis
1036 1985 1343 2048 suspectos:
1386 1979 1579 2046 „Item,
1628 1985 1802 2031 utrum
1843 1978 2059 2047 credat,
2115 1978 2257 2046 quod
2295 1981 2485 2040 beatus
2522 1980 2627 2032 Pe-

549 2079 660 2125 trus
698 2073 858 2125 fuerit
896 2073 1144 2125 Vicarius
1185 2072 1407 2139 Christi,
1448 2073 1654 2124 habens
1694 2079 2015 2141 potestatem
2054 2073 2256 2139 ligandi
2295 2079 2348 2125 et
2381 2073 2627 2125 solvendi

548 2183 708 2234 super
747 2173 991 2234 terram„
1073 2167 1237 2233 „ltem
1278 2173 1451 2218 utrum
1485 2166 1701 2233 credat,
1742 2166 1883 2232 quod
1923 2165 2072 2235 Papa
2112 2166 2367 2218 canonice
2406 2166 2626 2235 electuS,
2678 2187 2686 2190 ·

550 2261 637 2327 qui
675 2275 774 2328 pro
814 2266 1054 2327 tempore
1094 2261 1277 2328 fuerit,
1318 2262 1436 2329 ejus
1476 2261 1687 2313 nomine
1719 2262 1941 2330 proprio
1971 2254 2264 2330 express0,
2303 2262 2372 2313 sit
2410 2264 2628 2314 succes-²

548 2368 638 2405 sor
675 2354 819 2406 beati
868 2354 1039 2422 Petri,
1090 2355 1293 2408 habens
1339 2371 1643 2423 supremam
1691 2355 2063 2408 auctoritatem
2109 2355 2164 2407 in
2205 2355 2437 2407 ecclesia
2473 2353 2622 2422 Der„

289 2520 527 2605 ιῖρῑρριαχα
693 2497 837 2549 Talis
875 2504 958 2550 est
996 2495 1059 2564 7)
1101 2497 1368 2550 damnatio
1401 2493 1422 2526 2
1462 2514 1567 2564 qua
1604 2496 1829 2549 Lutheri
1868 2498 2124 2550 articulos
2152 2494 2175 2529 3
2221 2496 2339 2549 Leo
2377 2495 2444 2550 X.
2495 2511 2623 2565 pro-

330 2580 429 2607 θθηθ
492 2595 503 2608 ο

548 2686 724 2738 carius
764 2701 927 2754 super
966 2700 1148 2737 omnes
1176 2686 1337 2737 totius
1375 2684 1555 2737 mundi
1583 2684 1841 2737 ecclesias
1880 2685 1948 2737 ab
1983 2684 2102 2751 ipso
2131 2682 2346 2736 Christo
2384 2684 2436 2735 in
2462 2685 2624 2736 beato

546 2779 709 2831 Petro
747 2779 1061 2847 institutus„
1139 2779 1228 2831 Et:
1288 2777 1559 2846 „Verbum
1599 2777 1797 2831 Christi
1849 2777 1917 2829 ad
1967 2777 2206 2830 Petrum:
2259 2777 2624 2843 Quodcunque

548 2872 776 2925 solveris
815 2887 977 2940 super
1017 2878 1213 2924 terram
1253 2880 1351 2923 etc.
1387 2870 1611 2937 (Matth.
1642 2868 1818 2936 XVI.)
1870 2870 2174 2924 extenditur
2225 2870 2504 2924 dumtaxat
2553 2868 2624 2922 ad

546 2966 713 3032 ligata
751 2967 819 3018 ab
857 2965 976 3033 ipso
1015 2964 1226 3031 Petro.„

275 3123 529 3160 constitutio
688 3108 760 3160 Et
798 3109 917 3160 talis
957 3079 1040 3159 est
1076 3106 1144 3172 8)
1185 3107 1490 3160 constitutio
1520 3103 1543 3135 ⁴
1580 3105 1660 3158 Pii
1694 3100 1817 3156 v1.:'
1864 3102 2077 3170 „Super
2125 3101 2395 3155 soliditate
2433 3109 2623 3172 petrae

311 3175 382 3210 Pii
417 3175 484 3210 η’
546 3201 820 3255 fundatam
859 3219 892 3255 a
931 3200 1145 3255 Christo
1184 3202 1493 3268 ecclesiam,
1530 3201 1852 3267 Petrumque
1879 3197 2139 3265 singulari
2169 3195 2367 3256 Christi
2405 3212 2623 3278 munere
2707 3179 2716 3182 ’

660 3467 676 3494 ¹
707 3466 831 3510 Inter
861 3465 1089 3510 articulos
1120 3465 1192 3509 39.
1226 3464 1283 3508 de
1315 3461 1479 3520 quibus
1511 3474 1722 3506 errorum
1745 3457 1952 3504 Wikleff
1978 3463 2025 3505 et
2046 3459 2167 3504 Huss
2198 3456 2404 3515 suspecti
2426 3470 2482 3501 ex
2497 3469 2621 3504 man-

544 3538 655 3595 dato
686 3537 872 3582 Martini
903 3550 1055 3595 papae
1085 3538 1139 3581 V.
1170 3538 1218 3580 in
1249 3534 1387 3580 Bulla
1421 3534 1574 3591 „Inter
1597 3535 1812 3587 cunctas“
1845 3531 2171 3593 interrogandi
2197 3535 2324 3575 sunt:
2358 3542 2431 3574 aa.
2454 3530 2525 3573 23.
2549 3530 2620 3573 24.

662 3609 679 3636 ²
709 3610 910 3659 Errores
939 3612 1009 3654 41.
1039 3609 1228 3656 Martini
1257 3607 1449 3653 Lutheri
1479 3607 1682 3653 damnati
1712 3620 1742 3652 a
1772 3607 1926 3652 Leone
1956 3607 2011 3656 X.
2051 3618 2137 3662 per
2169 3603 2352 3649 Bullam
2401 3602 2621 3659 „Exurge

541 3683 760 3740 Domine„
796 3683 865 3726 16.
897 3682 1013 3742 Maji
1046 3684 1171 3727 1520.

660 3756 679 3784 3
785 3789 792 3799 .
854 3758 894 3799 5.
988 3790 998 3799 .

657 3827 677 3857 4
708 3757 892 3885 ῗὲυῑῗω·
923 3756 1201 3882 Ξ311ᾱ11316.,,
1265 3826 1531 3880 Damnatio,
1573 3829 1619 3870 et
1659 3823 1915 3882 prohibitio
1946 3822 2055 3867 libri
2086 3819 2359 3866 Germanico
2398 3817 2617 3862 idiomate
2675 3812 2677 3814 ’

543 3898 673 3955 editi,
706 3901 838 3959 cujus
871 3900 1032 3945 titulus
1064 3899 1209 3943 latine
1241 3901 1380 3942 sonat
1411 3897 1556 3956 „Quid
1597 3902 1669 3942 est
1698 3909 1836 3954 papa.
1897 3895 1999 3938 Dat.
2039 3893 2212 3937 Romae
2241 3892 2311 3935 28.
2350 3890 2617 3936 novembris

545 3971 670 4014 1786.
701 3985 822 4017 anno
853 3973 947 4019 XII.
978 3971 1176 4016 Bullarii
1206 3970 1387 4015 romani
1417 3970 1489 4014 Pii
1519 3971 1593 4015 VI.
1625 3973 1734 4014 tom.
1765 3971 1806 4013 7.
1837 3965 2118 4014 DCXXVIII.
2150 3977 2259 4022 pag.
2290 3965 2390 4007 671.

547 2592 784 2661 scripsit:
828 2591 1133 2659 „Romanus
1172 2591 1454 2658 Pontifex,
1500 2590 1646 2642 Petri
1684 2605 1989 2658 successor,
2031 2605 2138 2642 non
2177 2596 2260 2641 est
2298 2589 2498 2642 Christi
2543 2589 2624 2640 vi·-
2711 2615 2716 2621 ·
