2716 4446
211 496 456 536 Hieronymus.
516 522 518 524 .

227 1331 316 1366 Luc.
333 1331 448 1365 XXII.

248 1518 290 1550 Α.
306 1518 438 1552 Duval.

188 3585 402 3626 Adprobatio
428 3586 527 3618 eden-

273 3629 312 3660 di
328 3630 449 3668 operia.

1389 149 1732 211 -323-

526 299 619 345 aut
655 292 851 345 dicturi
890 311 1102 360 sumuS,
1159 299 1332 346 totum
1366 278 1694 347 correctioni
1730 300 1784 346 et
1819 293 2021 348 iudicio
2061 295 2205 350 sedis
2243 297 2592 369 apostolicae,

527 393 580 438 et
618 385 853 438 sedentis
892 387 949 438 in
988 405 1052 438 ea
1092 388 1287 440 summi
1325 386 1597 457 pontificis
1622 386 1899 465 humiliter
1926 388 2308 460 submittimus,
2347 391 2595 446 dicentes
2658 378 2666 386 ⁴

526 498 648 532 cum
687 479 844 532 beato
884 480 1219 551 Hieronymo
1247 480 1320 553 ¹):
1359 481 1513 534 Haec
1553 489 1634 534 est
1670 482 1823 548 fides,
1864 481 2028 537 Pater
2063 483 2391 554 beatissime,
2432 504 2595 557 quam

523 575 579 625 in
619 572 887 626 catholica
926 573 1159 626 ecclesia
1197 574 1503 641 didicimus,
1544 575 1601 627 in
1628 593 1735 646 qua
1761 572 2015 639 siminus
2047 578 2247 647 perite,
2288 589 2381 632 aut
2416 561 2595 632 minus

524 676 679 720 caute
736 667 872 720 forte
931 668 1138 739 aliquid
1192 670 1427 739 positum
1479 677 1596 738 est,
1661 671 1938 724 emendari
1988 674 2222 742 petimus
2278 691 2311 724 a
2347 679 2446 740 je,
2504 671 2599 743 qui
2668 687 2674 692 ⁴

522 761 668 814 Petri
697 761 868 814 fidem
908 769 961 814 et
1001 761 1187 814 sedem
1243 769 1413 816 tenes,
1450 762 1574 815 Non
1611 763 1924 833 ignoramus
1962 766 2123 833 enim,
2165 765 2262 818 sed
2291 765 2598 825 firmissime

522 865 784 923 tenemUS,
815 863 869 908 et
892 855 1198 909 nullatenus
1226 855 1555 925 dubitamus,
1597 857 1742 928 quod
1769 865 1958 911 sancta
1986 859 2142 911 sedes
2180 858 2480 930 apostolica
2516 866 2602 919 est

522 949 619 1002 illa
657 949 913 1002 cathedra
949 949 1124 1017 Petri,
1180 969 1342 1020 super
1367 969 1543 1021 quam
1583 951 1773 1004 eodem
1810 952 2146 1024 Hieronymo
2183 961 2337 1021 teste,
2362 952 2601 1008 -fundata

525 1052 607 1096 est
641 1042 903 1112 ecclesia3
962 1051 1021 1096 ut
1075 1043 1309 1096 habetur
1366 1044 1555 1097 eadem
1582 1044 1626 1117 2)
1684 1047 2019 1116 quaestione.
2076 1046 2149 1100 Et
2174 1040 2345 1105 „sicut
2399 1047 2532 1100 dicit
2553 1047 2599 1118 ³)

526 1136 862 1209 Cyprianus:
900 1137 988 1190 De
1029 1156 1135 1208 qua
1173 1138 1300 1191 sede
1339 1140 1396 1190 in
1434 1157 1668 1209 persona
1704 1139 1853 1192 Petri
1879 1139 2131 1210 Apostoli
2166 1141 2224 1193 in
2261 1158 2326 1193 ea
2363 1140 2601 1196 sedentis

527 1233 728 1285 dictum
768 1239 875 1285 est:
915 1232 1091 1301 Petre,
1131 1234 1323 1302 rogavi
1360 1252 1457 1304 pro
1500 1241 1566 1301 te,
1609 1242 1668 1286 ut
1704 1253 1813 1287 non
1853 1234 2071 1288 deficiat
2106 1234 2242 1305 fides
2281 1243 2390 1289 tua:
2447 1235 2601 1291 Haec
2630 1299 2661 1303 Α

529 1333 612 1378 est
647 1327 840 1396 igitur,
883 1326 953 1379 ad
990 1346 1151 1397 quam
1191 1327 1570 1380 determinatio
1608 1328 1737 1381 fidei
1783 1337 1837 1382 et
1874 1328 2192 1400 approbatio
2230 1330 2478 1382 veritatis
2514 1347 2602 1384 ca-

529 1420 789 1489 tholicae,
850 1441 914 1474 ac
969 1422 1277 1475 haereticae
1334 1424 1630 1493 impietatis
1682 1423 1967 1477 detestatio
2024 1424 2262 1476 maxime
2316 1424 2597 1494 pertinet„

529 1514 689 1569 Unde
728 1517 844 1569 iure
885 1516 1151 1569 conclusit
1165 1516 1212 1589 4)
1251 1517 1501 1570 Andreas
1541 1517 1831 1570 Duvallius
1870 1518 2211 1588 parisiensis:
2253 1516 2473 1587 „Velint
2507 1535 2601 1570 no-

530 1609 631 1663 lint
655 1609 969 1678 adversarii,
999 1610 1205 1682 liquido
1234 1618 1459 1679 constat,
1488 1620 1702 1664 veteres
1730 1611 1994 1664 ecclesiae
2021 1611 2322 1682 gallicanae
2346 1606 2602 1682 proceres

531 1703 671 1756 hanc
726 1706 784 1757 in
841 1706 1063 1757 summis
1102 1705 1450 1776 pontificibus
1506 1705 1656 1762 Petri
1713 1705 2115 1759 successoribus
2166 1705 2604 1759 infallibilitatem

534 1817 748 1868 semper
797 1800 1111 1869 agnovisse,
1171 1798 1483 1870 Christique
1535 1799 1760 1852 Domini
1817 1801 2113 1852 orationem
2168 1800 2225 1851 in
2272 1799 2432 1852 Petro
2494 1795 2663 1856 non.¹

537 1893 767 1961 stetisse,
808 1893 905 1945 sed
948 1893 1026 1946 ad
1077 1895 1192 1946 eius
1238 1911 1581 1946 successores
1621 1894 1922 1946 certissime
1961 1894 2258 1961 transiisse,
2287 1911 2487 1964 eosque
2511 1893 2606 1964 qui

534 1984 675 2037 hanc
729 1986 1016 2040 veritatem
1071 1987 1391 2058 impugnare
1449 1988 1629 2040 conati
1668 1996 1818 2058 sunt,
1878 2006 1911 2040 a
1966 1987 2214 2040 ducentis
2264 1993 2356 2039 aut
2393 1986 2608 2040 circiter

535 2069 715 2149 annis,
755 2080 951 2151 quibus
989 2082 1046 2134 in
1073 2081 1360 2135 ecclesiam
1385 2081 1655 2134 horrenda
1681 2080 1971 2134 schismata
1995 2082 2281 2148 irruerunt,
2309 2070 2603 2151 coepissem·

711 2175 832 2230 344.
893 2175 1103 2242 Quibus
1155 2176 1286 2247 quid
1323 2176 1541 2233 tandem
1579 2176 1649 2229 ad
1686 2175 1904 2247 plenam
1941 2175 2348 2246 perfectamque
2387 2168 2605 2226 demon-

539 2270 851 2323 strationem
872 2269 1027 2338 desit,
1069 2270 1324 2341 equidem
1349 2290 1458 2322 non
1494 2270 1671 2337 video,
1712 2271 1819 2339 nisi
1855 2270 1992 2324 forte
2031 2269 2233 2322 diserta
2268 2266 2608 2339 postulentur

538 2365 865 2431 testimonia,
924 2363 1121 2436 quibus
1178 2364 1455 2433 conceptis
1495 2363 1740 2416 edicatur
1777 2363 1977 2430 verbis,
2029 2347 2284 2415 romanae
2340 2359 2606 2413 ecclesiae

541 2458 794 2528 episcopo
832 2457 1127 2529 itidemque
1169 2477 1419 2529 supremo
1458 2459 1622 2511 totius
1675 2456 1940 2510 ecclesiae
1974 2457 2199 2510 ⁴doctori
2241 2474 2305 2508 ac
2346 2456 2605 2524 magistro

540 2550 676 2603 illud
714 2551 970 2604 collatum
1008 2543 1276 2604 charisma
1313 2552 1495 2620 fuisse,
1538 2552 1683 2622 quod
1708 2552 2034 2604 inerrantiae
2063 2551 2178 2604 sive
2205 2547 2606 2602 infallibilitatis

542 2644 833 2715 adpellant.
874 2644 982 2699 Sed
1019 2665 1197 2717 neque
1233 2646 1499 2699 eiusmodi
1525 2645 1917 2698 desiderantur.

541 2783 641 2838 IX.
668 2782 1263 2837 Insa-llibilitatis
1290 2784 1616 2836 charisma
1640 2800 1898 2836 romano
1928 2781 2245 2834 tributum
2268 2776 2606 2850 pontifici.

713 2920 835 2977 345.
857 2920 1327 2987 Quemadmodum
1348 2923 1492 2974 enim
1522 2919 1630 2973 tale
1657 2919 1927 2972 charisma
1950 2916 2211 2970 tributum
2235 2914 2494 2968 divinitus
2523 2930 2606 2967 ec-

541 3014 740 3068 clesiae
782 3033 916 3084 esse,
956 3015 1084 3069 inde
1123 3016 1396 3068 communi
1434 3013 1642 3068 calculo
1668 3013 1941 3084 probatur,
1970 3010 2114 3082 quod
2141 3027 2355 3063 cumea
2379 3007 2608 3062 docente

541 3126 605 3160 ac
643 3109 993 3179 praedicante
1033 3109 1281 3162 Christus
1309 3126 1427 3162 esse
1454 3108 1666 3175 dicitur,
1693 3105 1925 3178 Spiritus
1952 3112 2170 3158 sanctus
2197 3101 2510 3156 decernenti
2535 3101 2608 3154 ei-

542 3202 666 3255 dem
691 3203 883 3256 adesse
911 3211 965 3257 et
987 3200 1268 3272 adsistere,
1294 3203 1438 3256 idem
1465 3202 1615 3274 illam
1640 3191 1697 3254 in
1724 3218 1937 3253 omnem
1955 3200 2240 3253 veritatem
2260 3198 2457 3251 ducere
2484 3213 2608 3250 ean-

719 3366 752 3422 1)
783 3365 854 3409 24.
886 3369 1054 3420 quaest.
1082 3354 1128 3408 ⁷1.

718 3437 753 3493 2)
783 3439 838 3480 Iu
872 3452 967 3491 cap.
1000 3437 1216 3488 Quoniam
1245 3439 1387 3478 vetus

637 3542 640 3546 -
719 3509 754 3565 ³)
786 3508 856 3553 93.
889 3509 987 3553 dist.
1019 3509 1106 3559 Qui
1134 3507 1398 3550 cathedram.

720 3581 754 3637 ⁴)
786 3583 854 3623 De
885 3595 1074 3636 suprem.
1105 3594 1212 3623 rom.
1244 3580 1400 3634 pontif.
1429 3580 1476 3620 in
1506 3579 1661 3622 eccles.
1692 3581 1897 3633 potestat.
1930 3577 2185 3632 quod'opus
2205 3575 2494 3629 adprobantes
2525 3574 2610 3615 duo

543 3655 764 3695 facultatis
795 3654 1069 3707 theologicae
1098 3652 1232 3705 paris.
1265 3651 1464 3692 doctores
1494 3651 1579 3691 ita:
1623 3650 1764 3703 „Iuris
1804 3654 1852 3690 ut
1893 3650 1970 3690 fiat
1997 3649 2177 3703 publici,
2205 3649 2423 3702 inquiunt,
2452 3658 2610 3700 operae

544 3727 731 3780 pretium
761 3726 977 3777 duximus,
1021 3724 1078 3765 ad
1125 3737 1180 3764 ss.
1213 3723 1270 3767 D.
1301 3723 1354 3765 N.
1387 3723 1437 3762 P.
1470 3722 1778 3763 authoritatem
1817 3721 2039 3774 tuendam,
2083 3734 2166 3771 nec
2194 3734 2284 3761 non
2311 3719 2368 3761 ad
2397 3730 2610 3760 summam

546 3812 646 3839 cum
674 3798 826 3840 eodem
858 3798 1000 3851 eapite
1031 3809 1110 3837 suo
1140 3795 1304 3836 visibili
1343 3795 1540 3836 Romano
1578 3794 1792 3851 Pontifice
1822 3794 2030 3835 unionem
2059 3792 2299 3833 arctissime
2327 3788 2611 3839 retinendam,

546 3871 617 3911 cui
646 3871 772 3912 aliter
802 3870 1179 3912 schismaticorum
1208 3868 1477 3925 malalmens
1508 3867 1736 3921 malusque
1775 3867 1946 3908 animus
1975 3865 2090 3907 male
2119 3862 2165 3905 et
2193 3862 2398 3905 seditiose
2429 3859 2607 3900 consul-

544 3947 637 3983 tum
666 3943 812 3987 vellet,
845 3941 914 3987 10.
943 3942 1043 3984 Kal.
1070 3941 1199 3983 Febr.
1231 3955 1303 3986 an.
1335 3941 1415 3985 sal.
1448 3938 1604 3992 1614.„
