2716 4446
1366 215 1434 223 —
1510 182 1587 239 84
1662 214 1726 220 ,-

1228 344 1269 384 2.
1301 339 1544 384 Methodus
1576 338 1867 382 Tertulliani.

659 461 773 513 113.
828 459 1083 527 Sequitur
1123 458 1509 524 Tertullianus,
1563 458 1794 525 scriptor
1825 453 1843 486 1
1894 457 2193 525 nullatenus
2231 457 2581 528 spernendae,

513 554 600 620 qui
656 559 780 621 post
827 558 1155 620 reportatam
1208 551 1437 617 palmam
1498 565 1566 601 ex
1616 551 1724 602 suis
1779 567 1896 626 cum
1935 550 2173 620 Praxea,
2226 551 2581 621 Hermogene,

508 644 826 709 Valentino,
867 644 1143 695 Marcione
1183 642 1405 708 aliisque
1434 641 1883 715 disputationibus
1922 659 2123 714 operae
2151 647 2378 714 pretium
2416 644 2582 714 duxit,

508 738 718 790 modum
760 737 999 788 stabilire
1039 752 1212 802 neque
1252 735 1473 787 arduum
1509 752 1682 803 neque
1732 739 2014 791 obscurum
2055 753 2160 806 quo
2196 718 2302 792 uno
2334 735 2582 793 haeritici

509 846 691 882 omnes
732 828 1151 882 revincerentur.
1226 827 1410 896 Atque
1446 829 1501 881 id
1526 831 1795 899 praestitit
1817 831 2011 901 insigni
2049 832 2116 885 de
2142 833 2581 903 praescriptioni-

506 925 603 975 bus
642 923 916 992 opusculo.

653 1054 768 1106 114.
798 1036 963 1116 Quam
984 1067 1148 1121 porro
1172 1068 1410 1105 normam
1440 1067 1689 1104 veracem
1718 1068 1980 1119 quamque
1998 1051 2300 1105 methodum
2317 1053 2582 1107 sinceram

505 1147 853 1213 omnibusque
902 1147 1113 1213 planam
1173 1144 1241 1196 ad
1302 1142 1732 1211 distinguendam
1786 1146 2067 1198 veritatem
2122 1145 2461 1199 christianam
2512 1131 2580 1200 ab

170 1240 780 1342 sefiffizlaffltumermribus
829 1239 1160 1305 fallaciisque
1193 1234 1214 1268 2
1274 1238 1665 1290 haereticorum
1716 1238 2021 1307 proponit?
2083 1237 2334 1292 Excludit
2380 1239 2417 1293 Ι.
2469 1256 2579 1292 me-

231 1358 412 1386 eoeamen.
504 1334 722 1386 thodum
764 1334 1020 1385 examinis
1069 1350 1168 1401 per
1219 1331 1563 1401 Scripturas
1613 1339 1666 1385 et
1715 1333 1927 1401 quidem
1975 1335 2044 1386 ob
2092 1333 2191 1386 has
2239 1331 2452 1385 omnino
2485 1348 2580 1385 ra-

503 1428 707 1478 tiones:
771 1424 831 1494 1]
872 1428 994 1493 quia
1033 1428 1154 1496 tale,
1179 1442 1404 1479 examen
1443 1427 1616 1479 nullas
1654 1428 1797 1495 parit
1826 1424 1848 1458 ³
1895 1427 2181 1479 utilitates:
2236 1424 2580 1496 „Scripturas

504 1519 826 1586 obtendunt,
881 1527 935 1572 et
966 1520 1069 1572 hac
1117 1535 1212 1572 sua
1252 1520 1478 1573 audacia
1525 1521 1702 1573 statim
1752 1520 2024 1587 quosdam
2058 1526 2300 1572 movent:
2363 1520 2415 1572 in
2460 1520 2580 1589 ipso

501 1627 634 1665 vero
674 1628 969 1680 congressu
1009 1613 1442 1680 firmos-quidem
1480 1614 1736 1681 fatigant,
1790 1612 2030 1688 infirmos
2079 1614 2321 1681 capiunt,
2374 1611 2579 1666 medios

502 1722 618 1759 cum
660 1706 912 1774 scrupulo
940 1703 963 1736 4
1003 1707 1317 1776 dimittunt„

649 1833 714 1900 2)
754 1834 885 1897 Quia
934 1834 1063 1886 illud
1093 1831 1116 1864 5
1175 1834 1296 1902 plus
1344 1835 1507 1887 semel
1560 1835 1918 1904 perniciosum
1966 1822 2326 1903 periculisque
2363 1834 2579 1902 plenum

502 1935 608 1979 est:
648 1928 890 1996 „Deinde
930 1930 1177 1995 quoniam
1216 1929 1347 1980 nihil
1383 1929 1633 1997 proficiat
1671 1929 1985 1998 congressio
2017 1927 2439 1997 scripturarum,
2476 1914 2607 1981 nisi·

502 2021 664 2088 plane
717 2027 808 2072 aut
865 2022 1123 2074 stomachi
1182 2023 1298 2089 quis
1336 2023 1480 2075 ineat
1526 2023 1861 2076 eversionem
1917 2028 2009 2075 aut
2061 2022 2288 2093 cerebri.
2317 2062 2366 2074 ..
2424 2013 2579 2093 ,Quid

502 2115 879 2181 promovebiS,
935 2115 1378 2166 exercitatissime
1428 2113 1857 2184 Scripturarum,
1914 2132 2071 2184 quum
2122 2115 2169 2168 si
2216 2115 2343 2183 quid
2388 2099 2594 2167 'defen-⁷

502 2206 645 2258 deris
685 2213 943 2274 negatur:
1001 2225 1068 2259 ex
1116 2208 1333 2260 diverso
1373 2209 1418 2260 si
1464 2195 1589 2275 quid
1641 2211 1957 2278 negaveris,
2013 2206 2377 2262 defendatur?
2430 2214 2485 2261 et
2521 2215 2578 2261 tu

502 2440 590 2486 fide
623 2456 678 2486 ac
710 2443 960 2488 traditione
993 2443 1255 2487 haereticos
1297 2441 1517 2487 confundi
1556 2455 1614 2486 eo
1655 2445 1932 2502 argumento
1964 2442 2216 2497 evincitur,
2238 2470 2241 2472 -
2262 2441 2388 2498 quod
2419 2453 2578 2485 omnes

503 2530 559 2559 ex
591 2516 820 2560 universis
851 2516 1056 2561 romanis
1086 2515 1343 2572 provinciis
1374 2516 1422 2559 in
1453 2515 1614 2560 urbem
1646 2528 1928 2560 concurrere
1961 2528 2152 2560 necesse
2183 2515 2289 2559 est?
2335 2513 2578 2558 'ridiculum

504 2592 551 2632 et
580 2588 783 2647 ineptum
814 2589 860 2632 id
890 2588 1067 2635 fuisset.
1127 2588 1263 2638 Atsi
1294 2588 1349 2631 de
1380 2588 1662 2633 necessitate
1694 2586 1999 2645 conveniendi
2040 2588 2086 2631 in
2130 2585 2222 2631 fide
2254 2599 2356 2631 cum
2385 2598 2579 2631 romana

505 2662 705 2705 ecclesia
734 2662 1014 2706 vocabulum
1043 2661 1160 2714 illud
1188 2664 1460 2718 usurpetur,
1496 2665 1548 2704 ut
1590 2664 1637 2704 et
1667 2660 1927 2719 praemissa
1972 2663 2019 2704 et
2049 2658 2290 2716 sequentia
2335 2661 2580 2703 contextus

501 2733 649 2777 verba
680 2734 739 2777 ad
768 2731 903 2778 fidem
934 2733 1191 2792 pertinent,
1235 2734 1580 2791 argumentatio
1624 2733 1835 2792 legitima
1875 2737 1973 2790 est,
2015 2732 2277 2790 optimeque
2319 2730 2473 2775 omnia
2502 2743 2581 2777 co-

507 2807 714 2851 haerent.
776 2805 979 2862 Confer,
1017 2807 1056 2850 si
1087 2807 1227 2862 libet,
1266 2807 1504 2851 laudatum
1534 2807 1715 2851 lrenaei
1745 2807 1973 2852 editorem
2002 2807 2050 2863 p.³
2069 2805 2351 2850 Massuetum
2374 2802 2421 2847 in
2443 2813 2580 2862 prae-

505 2875 586 2922 fat.
620 2883 708 2923 art.
740 2882 779 2923 4.
803 2894 845 2923 n.
880 2881 952 2923 32.
982 2879 1061 2923 ubi
1091 2879 1209 2922 hanc
1242 2878 1488 2924 distortam
1521 2878 1954 2936 interpretationem
1985 2877 2197 2936 pluribus
2229 2875 2452 2934 explodit.
2547 2884 2550 2885 ’

627 2953 640 2979 ¹
672 2951 739 2997 Ex
769 2951 972 2997 Eusebio
1005 2953 1050 2995 in
1083 2951 1242 2995 chron.
1278 2952 1478 2996 celebris
1509 2952 1556 2996 in
1591 2952 1801 2997 omnibus
1834 2952 2072 3008 ecclesiis,
2103 2965 2160 2996 ex
2191 2949 2436 3007 Lactantio
2458 2944 2580 3007 peri-

506 3028 578 3067 tus
610 3025 656 3078 in
689 3026 810 3069 omni
841 3027 1138 3081 litteratura,
1179 3040 1236 3069 ex
1277 3023 1442 3070 Rufino
1474 3025 1790 3070 nobilissimus
1832 3025 1956 3070 inter
1995 3024 2253 3082 scriptores
2284 3022 2578 3078 christianos,

503 3111 559 3149 ex
591 3097 877 3156 Hieronymo
911 3099 1245 3143 eruditissimus
1278 3103 1324 3143 et
1355 3100 1671 3156 acutissimus,
1704 3112 1761 3143 ex
1794 3098 2033 3156 Cypriano
2065 3096 2230 3155 dignus
2253 3094 2467 3154 magistri
2487 3107 2579 3139 no-

503 3168 651 3223 mine,
683 3181 712 3212 a
743 3169 991 3221 Vincenzio
1024 3169 1233 3213 lirinensi
1266 3170 1497 3228 singulari
1528 3171 1712 3215 laudum
1745 3170 1956 3215 encomio
1987 3169 2348 3214 cohonestatus:
2389 3166 2444 3210 de
2481 3166 2579 3224 qui-

506 3240 592 3284 bus
623 3241 726 3285 vide
759 3242 927 3287 Christ.
961 3242 1132 3299 Lupum
1165 3256 1274 3299 opp.
1306 3247 1414 3287 tom.
1450 3243 1525 3287 IX.
1558 3257 1603 3300 p.
1636 3244 1676 3287 6.
1719 3243 1827 3287 edit.
1856 3244 2019 3287 Venet.
2053 3243 2180 3285 1727.
2214 3267 2266 3273 —
2301 3240 2428 3294 Quae
2459 3251 2578 3297 ergo
2606 3248 2610 3253 ·

504 3325 533 3355 a
567 3313 856 3359 Tertulliano
890 3316 1103 3359 dicuntur
1134 3315 1230 3359 illis
1263 3315 1521 3360 nominibus
1554 3317 1691 3359 etiam
1723 3314 1963 3371 titulisque
2009 3311 2145 3357 fidem
2175 3315 2423 3356 merentur.
2483 3309 2578 3355 Sed

504 3390 761 3442 propterea
792 3401 973 3445 quoque
1003 3385 1139 3432 fidem
1169 3393 1426 3444 merentur,
1468 3388 1591 3446 quod
1628 3401 1763 3445 quam
1793 3386 2018 3445 proponit
2046 3384 2191 3429 fuerit
2225 3383 2467 3429 methodus
2497 3395 2578 3427 an-

506 3456 864 3514 tiquissimorum
896 3461 1118 3517 omnium,
1164 3462 1234 3510 uti
1265 3462 1324 3506 ab
1357 3461 1549 3506 Irenaeo
1581 3460 1792 3518 superius
1831 3459 2091 3516 accepimus
2127 3456 2395 3514 pariterque
2434 3469 2490 3500 ex
2519 3453 2577 3498 iis

506 3527 677 3585 elucet,
726 3543 844 3587 quae
880 3532 1046 3577 Euseb.
1087 3533 1230 3578 11:1⁴3.
1273 3534 1302 3576 l.
1336 3533 1410 3577 lV.
1455 3546 1493 3576 c.
1532 3535 1601 3577 22.
1643 3532 1698 3575 de
1738 3531 2006 3589 Hegesippo
2039 3528 2209 3574 refert:
2255 3525 2576 3585 frequentatas

505 3601 713 3646 nimirum
761 3603 820 3647 ab
865 3603 950 3648 illo
1000 3605 1226 3650 ecclesias
1273 3604 1443 3661 fuisse,
1493 3617 1607 3661 quas
1653 3604 1906 3648 fundarant
1945 3601 2189 3659 Apostoli,
2242 3605 2293 3645 ut
2323 3600 2382 3644 ab
2416 3599 2574 3675 iisdem

505 3672 814 3729 apostolicam
845 3675 1091 3720 doceretur
1114 3678 1384 3722 doctrinam.

624 3744 641 3772 ²
671 3746 766 3790 Has
797 3748 989 3804 exponit
1018 3746 1207 3792 mirifice
1240 3763 1302 3793 cc.
1335 3752 1366 3792 l.
1398 3764 1496 3807 sqq.

621 3818 639 3847 ³
669 3819 716 3863 C.
748 3820 845 3864 XV.
880 3821 936 3863 de
968 3820 1129 3876 quibus
1164 3819 1221 3864 cf.
1253 3823 1420 3866 Coton.
1454 3836 1528 3878 op.
1562 3822 1634 3864 cui
1668 3821 1786 3865 titul.
1818 3820 1988 3865 Gen'ev.
2019 3818 2264 3875 plagiaire.
2297 3831 2339 3874 p.
2374 3819 2498 3860 1494.

619 3890 639 3919 4
671 3891 867 3935 Fructus
898 3892 1075 3949 antiqui
1107 3899 1409 3951 recentesque
1441 3895 1661 3939 examinis
1694 3893 1948 3938 Bibliorum
1973 3890 2159 3948 privati.

623 3961 640 3990 ⁵
672 3962 756 4006 OC
789 3963 1070 4007 XV1.XV11.
