2716 4446
971 169 1370 228 -169-

134 336 352 390 tentiam
391 335 459 389 de
495 334 641 388 Petri
677 335 816 386 inter
858 333 1094 401 reliquos
1132 329 1431 400 Apostolos
1479 330 1654 397 deque
1694 329 1902 382 romani
1950 327 2210 397 episcopo

134 431 271 484 inter
307 431 542 498 reliquos
580 429 866 497 episcopos
907 427 1224 481 excellentia
1251 424 1551 491 eximiaque
1582 424 1984 492 praerogativa.
2039 421 2211 475 Porro

135 539 292 591 quum
332 523 605 575 unanimes
644 520 885 590 Majores
926 536 1111 573 omnes
1150 518 1336 572 eadem
1384 516 1751 585 persuasionis
1790 514 2040 567 firmitate
2080 513 2210 566 doc-

134 615 306 668 trinae
344 616 486 668 illius
519 616 862 669 stabilitatem
903 615 954 666 in
995 614 1209 667 divinae
1249 611 1595 664 revelationis
1647 609 1868 662 oracula
1906 606 2212 676 rejecerint,

133 708 262 760 nihil
294 709 648 774 manifestiuS,
689 724 845 775 quam
884 709 990 760 hoc
1028 707 1307 760 doctrinae
1347 710 1536 773 caput,
1593 703 1736 771 quod
1777 702 1952 755 allatis
1991 703 2213 770 insuper

134 801 451 855 authenticis
503 817 600 854 suo
650 803 773 855 loco
806 798 825 832 1
865 801 1195 854 documentis
1244 799 1733 868 comprobavimuS‚
1789 795 2086 866 exploratis
2123 810 2212 846 re-

133 895 344 949 velatae
382 883 628 948 veritatis
666 895 1005 963 dogmatibus
1044 909 1165 946 esse
1206 891 1709 946 connumerandum.

536 1066 579 1109 lt.
607 1066 832 1123 Exceptio
862 1065 1013 1123 petita
1042 1078 1100 1108 ex
1129 1061 1466 1122 Apostolorum
1497 1059 1797 1118 aequalitate.

278 1185 398 1240 205.
451 1184 672 1253 Verum,
721 1187 895 1254 inquis
922 1182 960 1253 2,
1007 1202 1184 1240 nonne
1237 1183 1478 1238 eamdem
1532 1181 1791 1251 Apostoli
1838 1181 2213 1234 auctoritatem

131 1286 559 1350 potestatemque
619 1296 879 1349 recepere
946 1279 1239 1332 divinitus?
1311 1277 1457 1331 Fieri
1511 1275 1778 1345 ejusmodi
1839 1275 2214 1344 exceptionem

133 1374 604 1442 quaestionemque
661 1376 729 1426 ab
784 1389 850 1426 eo
903 1389 1067 1442 posse
1126 1374 1215 1440 qui
1263 1372 1520 1425 Veterum
1580 1374 1922 1423 monumenta
1972 1384 2081 1422 non
2132 1369 2214 1421 in-

133 1467 404 1537 spexerit,
455 1466 613 1519 facile
653 1474 736 1519 est
772 1468 1105 1536 intelligere:
1164 1467 1262 1519 sed
1309 1466 1495 1519 mirum
1543 1464 1718 1518 videri
1757 1463 1952 1531 possit,
2003 1466 2071 1516 ab
2110 1463 2215 1516 illis

133 1579 251 1615 eam
286 1562 518 1630 proponi
557 1576 691 1628 quos
742 1562 945 1629 scripta
986 1561 1257 1631 Majorum
1306 1577 1464 1613 manu
1503 1559 1693 1612 diurna
1743 1563 1905 1625 atque
1954 1563 2216 1610 nocturna

131 1671 383 1708 versasse
422 1660 656 1724 putares
730 1654 1016 1722 Nequeunt
1048 1655 1185 1706 enim
1226 1669 1393 1723 opera
1419 1654 1637 1706 Pati-um
1665 1653 1758 1705 vel
1795 1652 1971 1706 obiter
2007 1652 2214 1720 inspici,

132 1750 256 1816 quin
304 1748 464 1800 iidem
516 1755 569 1800 et
619 1748 852 1800 sensisse
902 1747 1270 1800 difficultatem
1319 1748 1474 1800 istam
1524 1753 1579 1799 et
1623 1746 1950 1815 expendisse
2000 1752 2056 1798 et
2104 1745 2214 1797 dis-

124 1843 328 1912 jecisse
366 1843 578 1910 penitus
617 1842 1109 1910 deprehendantur.
1160 1843 1303 1895 lnter
1339 1843 1566 1911 plurima
1601 1857 1738 1909 quae
1765 1841 1930 1908 longa
1968 1841 2214 1909 superius

132 1936 270 1988 serie
309 1935 602 2001 attulimuS,
638 1951 812 2003 neque
851 1953 1026 2005 pauca
1062 1953 1236 2004 neque
1276 1939 1507 1990 obscura
1538 1936 1823 1989 latinorum
1863 1949 2214 2003 graecorum-

134 2045 235 2097 que
274 2029 593 2098 scriptorum
633 2030 938 2083 testimonia
978 2038 1282 2098 recurrunt,
1325 2049 1355 2083 e
1394 2031 1584 2098 quibus
1620 2031 1677 2083 id
1708 2031 1996 2100 perspicue
2034 2030 2213 2096 liquet.

133 2122 390 2174 Attamen
426 2122 568 2174 haud
608 2123 707 2174 erit
746 2126 843 2176 abs
894 2139 979 2190 re,
1031 2125 1172 2190 quod
1224 2124 1452 2191 quadam
1499 2127 1656 2194 copia
1706 2142 1773 2176 ex
1821 2124 1939 2176 aliis
1986 2125 2214 2177 vetustis

135 2215 397 2268 ecclesiae
446 2216 793 2284 scriptoribus
842 2217 895 2268 in
946 2217 1172 2269 medium
1230 2219 1495 2287 prolatum
1550 2219 1674 2285 fuit,
1728 2218 1783 2270 id
1835 2219 2014 2285 aliquo
2062 2218 2213 2272 velut

136 2306 448 2377 compendio
487 2326 518 2360 e
561 2310 997 2377 gravissimorum
1038 2325 1132 2362 ore
1173 2310 1450 2364 doctorum
1491 2314 1778 2382 repetitum
1818 2313 2116 2381 excepisse.

279 2438 397 2493 206.
445 2438 729 2508 Descripta
778 2442 845 2493 ab
893 2438 1187 2494 Ambrosio
1219 2439 1241 2474 3
1287 2442 1436 2494 Petri
1490 2442 1791 2510 diligentia,
1851 2443 2212 2497 sollicitudine
2230 2454 2489 2490 Ambrosius.

134 2546 200 2584 ac
235 2530 519 2584 dilectione
556 2532 610 2583 in
649 2531 946 2597 Christum,
987 2533 1139 2601 cujus
1181 2535 1335 2601 signa
1375 2535 1465 2586 alii
1487 2534 1735 2604 discipuli
1767 2551 2051 2603 numquam
2077 2551 2210 2603 prae

131 2626 277 2693 ipso,
316 2642 594 2693 numquam
635 2627 736 2678 soli
774 2627 891 2679 sine
927 2627 1046 2695 ipso
1086 2630 1415 2696 praebuere,
1453 2629 1570 2697 ipse
1607 2643 1741 2681 vero
1776 2629 1924 2682 solus
1957 2628 2215 2697 frequen-

130 2722 213 2770 ter
251 2718 365 2769 sine
404 2718 522 2770 aliis
561 2725 615 2770 et
652 2718 768 2770 aliis
794 2721 953 2772 etiam
980 2721 1187 2789 majora
1212 2722 1507 2789 exhiberet,
1546 2723 1652 2776 hoc
1678 2722 1988 2791 significare
2016 2724 2213 2792 pergit,

131 2810 274 2878 quod
317 2828 349 2863 a
381 2809 611 2864 Christo*
629 2812 854 2866 Domino
893 2816 1100 2884 pariter
1153 2816 1269 2868 aliis
1308 2815 1593 2885 Apostolis
1630 2817 2016 2885 praerogativa
2064 2818 2212 2870 nulla

131 2903 245 2955 sine
279 2902 468 2972 Petr0‚
517 2905 664 2958 nulla
694 2923 828 2975 prae
865 2908 1030 2984 Petro
1079 2911 1300 2977 tributa,
1353 2912 1497 2978 quod
1535 2912 1700 2965 Petro
1749 2917 1938 2964 contra
1988 2918 2043 2964 et
2081 2929 2214 2981 prae

132 2997 249 3050 aliis
303 3005 356 3051 et
406 3000 640 3052 exclusis
685 3002 803 3053 aliis
851 3006 1237 3072 praerogativa
1290 3021 1462 3073 eaque
1516 3005 1741 3072 insignis
1794 3006 1955 3074 plane
2015 3006 2212 3058 collata

130 3090 244 3142 fuit.
320 3091 470 3159 „Non
529 3099 612 3145 est
663 3095 851 3162 igitur,
912 3097 1083 3164 inquit
1111 3095 1150 3166 4,
1217 3098 1432 3152 dubium
1491 3099 1791 3153 credidisse
1853 3099 2100 3168 Petrum,
2160 3106 2215 3152 et

132 3183 426 3235 credidisse
463 3180 585 3252 quia
625 3187 832 3254 dilexit,
870 3189 1123 3245 dilexisse
1163 3193 1286 3259 quia
1325 3193 1569 3247 credidit.
1645 3192 1801 3246 Unde
1837 3199 1893 3246 et
1924 3195 2212 3247 contrista-

131 3281 240 3340 tur,
279 3277 403 3341 quia
438 3284 491 3328 et
527 3280 686 3331 tertio
722 3281 1111 3351 interrogatur,
1164 3275 1500 3338 Amas'me‘ff
1557 3286 1610 3339 Is
1660 3287 1802 3339 enim
1839 3286 2213 3354 interrogatur

131 3365 200 3417 de
238 3381 343 3433 quo
389 3368 683 3438 dubitatur,
731 3373 827 3424 sed
875 3374 1128 3429 Dominus
1178 3394 1284 3432 non
1334 3379 1563 3448 dubitat,
1614 3381 1704 3448 qui
1748 3381 2052 3447 interrogat
2104 3395 2213 3432 non

132 3464 190 3511 ut
227 3458 479 3530 disceret,
517 3463 613 3515 sed
651 3470 708 3516 ut
745 3465 991 3535 doceret,
1031 3486 1186 3538 quem
1226 3473 1523 3527 elevandus
1557 3475 1612 3527 in
1652 3476 1861 3528 coelum
1901 3475 2099 3528 amoris
2129 3474 2212 3527 sui

253 3678 270 3706 ¹
299 3677 416 3721 Vide
447 3691 484 3722 c.
516 3679 592 3724 lV.

251 3749 270 3778 ²
300 3749 468 3795 Macar.
499 3765 568 3810 ep.
602 3753 767 3798 vinnic.
798 3755 828 3798 l.
862 3768 899 3799 c.
941 3769 1017 3814 pp.
1048 3758 1135 3801 269
1166 3771 1264 3816 sqq.
1312 3760 1452 3806 Cuius
1491 3766 1646 3807 tamen
1688 3763 2009 3822 exceptionem
2055 3777 2084 3808 a
2118 3767 2209 3811 Pa-

128 3823 280 3869 tribus
311 3824 549 3870 disiectam
579 3828 684 3884 plus
716 3829 859 3872 semel
889 3829 1202 3875 indicavimus.

248 3896 268 3926 ³
295 3897 502 3956 Exposit.
538 3913 703 3960 evang.
733 3915 823 3947 sec.
849 3903 956 3947 Luc.
987 3904 1018 3947 l.
1050 3904 1104 3951 X.
1137 3918 1211 3963 pp.
1244 3907 1357 3950 1542
1389 3920 1456 3964 sq.

247 3970 268 4000 4
298 3970 384 4016 Nn.
418 3973 502 4015 175
533 3986 600 4030 sq.

1735 4059 1858 4116 11*
