2716 4446
1280 153 1630 215 -255-

419 303 648 367 tempus,
686 314 815 350 ecce
854 297 1035 351 locus:
1075 297 1342 369 opitulare
1382 298 1570 370 nobis,
1629 300 1724 371 qui
1779 317 1838 353 es
1877 318 1910 353 a
1945 299 2067 355 Deo
2106 300 2176 355 ad
2212 300 2314 355 hoc
2353 301 2493 356 ordi-

418 398 604 443 natus:
654 392 873 462 porrige
911 411 1132 445 manum
1172 401 1432 464 quantum
1472 393 1590 446 fieri
1627 401 1836 465 potest:
1891 393 2062 448 habes
2100 402 2423 466 potestatem
2462 399 2513 451 a'

418 485 553 553 De0‚
594 503 657 538 eo
698 485 842 556 quod
881 487 1118 540 omnium
1157 489 1411 560 princeps
1451 507 1538 543 es:
1576 489 1631 542 in
1670 507 1776 560 quo
1803 496 1856 542 et
1880 475 2088 561 positus
2116 508 2190 542 es.
2253 489 2495 560 Terret0,

419 577 813 650 supplicamus,
869 580 1170 634 haereticas
1229 581 1372 635 feras
1423 581 1632 637 calamo
1690 582 1865 636 divini
1921 581 2078 637 verbi
2131 586 2230 638 tui.
2304 583 2498 638 Pastor

416 673 588 742 bone,
645 692 785 744 pone
825 677 1060 728 animam
1100 695 1196 746 pro
1237 675 1461 744 ovibus,
1521 675 1909 747 supplicamus.
1985 675 2190 730 Audiat
2245 676 2495 748 ecclesia,

418 786 556 838 quae
597 766 697 821 sub
737 768 888 821 coelo
929 777 1038 838 est,
1079 770 1224 841 quod
1262 789 1295 823 a
1332 769 1489 824 vobis
1528 769 2056 824 anathematizantur
2092 789 2191 842 per
2229 770 2496 843 synodum

419 862 512 933 qui
549 861 686 914 haec
725 863 859 930 ausi,
900 872 954 916 et
991 864 1099 916 iam
1141 871 1360 918 sanctos
1385 862 1576 918 Patres
1615 872 1829 917 nostros
1867 863 2338 921 anathematizant.
2377 863 2498 918 Hoc

417 954 582 1008 fuerit
605 955 726 1009 Deo
766 964 1069 1028 acceptum,
1110 958 1320 1029 angelis
1358 965 1413 1012 et
1451 959 1655 1012 sanctis
1681 957 1959 1029 gaudium,
1999 959 2281 1012 concussis
2319 957 2498 1012 firma-

417 1057 676 1119 mentum,
715 1049 954 1104 fundatis
982 1050 1309 1122 stabilimen,
1337 1052 1506 1124 lapsis
1531 1052 1876 1121 resurrectio,
1905 1052 2051 1106 omni
2077 1050 2501 1106 orthodoxorum

421 1142 684 1198 ecclesiae
724 1144 1015 1214 exultati0‚
1075 1155 1130 1200 et
1178 1154 1304 1200 tuae
1343 1154 1490 1200 certe
1529 1145 1842 1200 celsitudini
1898 1145 2196 1200 secundum
2246 1165 2356 1216 eos,
2407 1146 2501 1218 qui

420 1239 719 1310 antiquitus
781 1249 1226 1310 praecesserunt,
1301 1248 1582 1294 aeternum
1654 1241 2099 1310 monimentum„.
2191 1241 2243 1295 A
2305 1239 2502 1313 quibus

420 1331 708 1386 avellenda
744 1351 853 1387 non
893 1341 1047 1402 sunt,
1106 1353 1244 1406 quae
1275 1336 1312 1407 ¹)
1366 1334 1535 1389 iidem
1590 1353 1688 1406 pro
1748 1342 1976 1406 accepto
2033 1335 2241 1390 auxilio
2291 1328 2503 1390 debitas

418 1427 620 1498 gratias
645 1426 1006 1499 rependentes
1033 1429 1297 1500 expositis
1323 1429 1500 1484 denuo
1536 1431 1865 1502 „impiorum
1890 1430 2163 1484 consuetis
2201 1428 2307 1483 sibi
2344 1447 2502 1484 cona·

420 1521 583 1591 tibus,
624 1521 821 1594 quibus
882 1525 975 1595 qui
1030 1526 1222 1578 mortis
1259 1531 1409 1579 metu
1445 1524 1770 1596 franguntur
1805 1523 1863 1576 in
1901 1522 2148 1577 haeresis
2185 1523 2503 1579 barathrum

421 1618 700 1673 traherent
738 1626 793 1672 et
848 1618 1197 1691 abriperent„
1253 1621 1452 1672 iterum
1477 1618 1524 1692 ⁹)
1579 1616 1904 1672 Paschalem
1961 1618 2276 1691 pontificem
2315 1618 2506 1690 deprel-

423 1721 646 1767 cantur:
696 1713 983 1783 „Humiles
1022 1721 1077 1767 et
1113 1716 1170 1766 in
1207 1712 1467 1768 membris
1505 1714 1767 1784 postremi
1803 1719 1916 1767 tam
1953 1732 2052 1785 pro
2091 1732 2246 1767 sacro
2283 1715 2504 1785 proprio

423 1809 627 1880 capite,
692 1826 855 1880 quam
912 1827 1008 1879 pro
1071 1806 1297 1880 reliquis
1355 1807 1762 1862 decertantibus
1823 1807 2070 1880 patribus
2131 1816 2188 1861 et
2246 1805 2505 1861 fratribus

423 1902 684 1957 audentes
740 1901 1011 1973 legatione
1068 1902 1344 1973 fungimur
1400 1911 1455 1955 et
1510 1901 1876 1971 obsecramus,
1932 1909 1993 1955 ut
2048 1899 2357 1954 consoletur
2406 1918 2506 1954 nos

425 2003 612 2050 sancta
649 2003 702 2051 et
739 1995 1037 2067 apostolica
1074 1999 1256 2051 anima
1292 2003 1401 2053 tua.
1478 1997 1717 2050 Primum
1756 1995 1990 2068 quidem,
2049 1995 2194 2067 quod
2232 2002 2286 2048 et
2321 1994 2502 2048 facere

422 2090 572 2144 illam
612 2090 897 2160 credimuS,
956 2111 1024 2145 ne
1065 2110 1190 2145 suas
1228 2111 1326 2163 pro
1366 2091 1662 2146 stabilitate
1720 2099 1774 2145 et
1832 2090 2004 2144 salute
2044 2090 2285 2143 omnium
2321 2088 2503 2143 Deum

422 2185 703 2239 flectentes
741 2204 933 2256 preces
971 2187 1307 2241 intermittat.
1382 2187 1468 2240 Ita
1505 2185 1839 2240 obtestamur
1878 2184 2247 2238 sacratissima
2270 2185 2501 2240 viscera.

418 2279 634 2334 Deinde
656 2289 714 2334 ut
748 2298 888 2352 quae
917 2278 1153 2352 Spiritus
1171 2282 1344 2354 sancti
1365 2281 1629 2335 instinctu
1653 2299 1751 2352 pro
1771 2278 2094 2333 humilitatis
2115 2285 2332 2332 nostrae
2357 2278 2501 2332 utili÷

419 2382 531 2428 tate
558 2392 622 2427 ac
648 2381 912 2445 perpetua
936 2375 1151 2428 virtutis
1180 2394 1309 2428 suae
1336 2374 1497 2428 laude
1525 2374 1848 2428 deliberavit
1874 2381 1928 2427 et
1966 2373 2169 2442 statuit,
2191 2372 2260 2426 ad
2298 2372 2505 2426 exitum

422 2468 543 2522 Deo
589 2468 881 2522 adiuvante
928 2469 1243 2540 perducat„
1334 2468 1559 2522 Scilicet
1603 2487 1829 2522 romana
1891 2467 2049 2520 sedes
2106 2464 2408 2519 habebatur
2447 2465 2505 2519 in

423 2562 630 2615 oriente
654 2580 902 2615 securum
942 2563 1269 2634 perfugium,
1292 2570 1345 2616 et
1369 2563 1438 2616 ab
1467 2564 1583 2616 eius
1612 2562 1881 2616 sententia
1905 2561 1960 2615 in
1987 2561 2298 2614 discrimine
2323 2577 2503 2612 rerum

427 2675 580 2709 suam
608 2656 1088 2726 praestolabantur
1127 2657 1374 2713 salutem.

595 2751 718 2806 283.
759 2751 906 2804 Hinc
968 2751 1103 2803 nihil
1153 2754 1368 2821 mirum,
1425 2751 1482 2805 id
1530 2768 1783 2804 romanos
1833 2749 2116 2820 pontifices
2175 2766 2389 2819 semper
2444 2754 2504 2801 ut

423 2843 556 2895 iuris
613 2845 889 2916 officiique
949 2846 1032 2898 sui
1092 2844 1196 2897 sibi
1254 2844 1597 2912 vindicasse,
1622 2848 1627 2859 '
1656 2842 1803 2914 quod
1859 2841 1929 2895 ad
1968 2843 2253 2913 episcopos
2291 2841 2502 2895 Darda-

423 2937 546 2992 niae
612 2946 665 2991 et
727 2938 905 3011 Illyrii
978 2938 1248 2991 monendo
1326 2937 1543 3008 scripsit
1567 2936 1612 3008 ³)
1674 2933 1957 2989 Gelasius:
2019 2934 2117 3004 „Si
2175 2953 2311 3007 quos
2366 2953 2498 2990 vero

601 3229 636 3286 ¹)
666 3231 748 3285 Ep.
774 3230 895 3273 XIII.
914 3229 1077 3270 ibidem
1097 3243 1139 3283 p.
1165 3227 1291 3273 1155.
1322 3228 1462 3270 Iidem
1494 3230 1693 3284 superius
1723 3228 1889 3270 laudati
1919 3227 2175 3283 presbyteri
2209 3231 2253 3269 et
2282 3227 2512 3282 praeposit

427 3301 656 3361 κορυφαίῳ
689 3302 892 3359 φωστῆρι
924 3299 1216 3355 οἷκουμενικῷ
1248 3316 1283 3345 κ,
1315 3311 1355 3342 τ.
1386 3302 1423 3344 λ.

601 3374 635 3429 ²)
665 3375 849 3418 Ibidem.
882 3375 931 3416 C.
975 3369 1122 3422 Ἡμεῖς
1154 3373 1205 3414 δὲ
1237 3373 1313 3414 καὶ
1344 3362 1485 3417 αὖθις
1525 3370 1569 3414 οἱ
1599 3372 1814 3415 ταπεινοὶ
1844 3372 1921 3413 καὶ
1952 3373 2144 3423 ἔσχατοι
2176 3371 2219 3414 ἐν
2249 3373 2347 3415 τοῖς
2374 3371 2504 3420 μέλε-

430 3462 513 3499 σιν,
545 3443 660 3503 ὑπέρ
692 3460 741 3488 τε
772 3447 853 3501 τῆς
884 3445 1053 3490 οἰκείας
1083 3444 1209 3503 ἱερᾶς
1238 3446 1427 3501 κεφαλῆς
1457 3445 1534 3487 καὶ
1563 3445 1646 3501 τῆς
1676 3445 1961 3500 ἐνισταμένης
1987 3441 2304 3502 ιῗπερεχούσης
2335 3439 2506 3499 πατρό·

428 3517 565 3574 τητός
595 3532 645 3560 τε
676 3520 750 3560 καὶ
782 3515 1095 3574 ἀδελφότητος
1123 3518 1371 3568 τολμῶντες
1400 3516 1709 3575 πρεσβεύομέν
1737 3531 1786 3560 τι
1811 3518 1887 3559 καὶ
1913 3516 2242 3575 ἐκλιπαροῦμεν
2272 3514 2502 3572 παρακλη-

431 3592 573 3647 θῆναι
605 3607 686 3633 σου
717 3588 800 3646 τήν
832 3587 970 3643 ἁγίαν
1002 3592 1077 3632 καὶ
1107 3586 1414 3647 ἄποστολικήν
1444 3589 1608 3647 ψυχήν·
1640 3590 1821 3648 πρῶτον
1857 3590 1951 3640 μὲν,
1983 3585 2097 3647 ὅπερ
2129 3589 2206 3630 καὶ
2235 3585 2506 3635 πιστεύομεν

430 3668 591 3717 ποιεῖν,
630 3660 690 3718 μ’)
734 3663 986 3718 καταλῆξαι
1024 3663 1106 3719 τῆς
1148 3659 1264 3720 ὑπὲρ
1309 3663 1560 3721 στηριγμοῦ
1591 3663 1667 3705 καὶ
1699 3662 1955 3706 διασώσεως
1998 3658 2211 3703 ἁπάντων
2246 3656 2510 3701 θεοκλινοῦς

431 3740 704 3794 προσευχῆς.
746 3738 859 3790 Ναὶ,
905 3737 1114 3788 δεόμεθα
1153 3735 1214 3779 τὰ
1257 3735 1487 3795 ἱερώτατα
1524 3735 1776 3788 σπλάγχνα.
1800 3731 1994 3777 Ἔπειτα
2026 3728 2055 3774 ἃ
2086 3726 2509 3783 πνευματοκικήτως

435 3806 554 3868 αὐτῇ
584 3809 890 3863 βεβούλευται
920 3811 995 3852 καὶ
1027 3806 1219 3868 ὥρισται
1266 3804 1333 3851 ἐπ’
1368 3805 1556 3869 ὠφελείᾳ
1594 3807 1674 3857 μὲν
1705 3803 1827 3862 ἡμῶν
1857 3805 1947 3848 τῶν
1976 3801 2213 3856 ταπεινῶν,
2245 3799 2406 3856 αἰωνίῳ
2453 3797 2505 3838 δὲ

435 3883 701 3939 μακαρισμῷ
729 3883 811 3938 τῆς
842 3882 1010 3927 οἰκείας
1042 3878 1222 3939 ἀρετῆς,
1255 3881 1316 3926 εἰς
1345 3883 1491 3938 πέρας
1521 3877 1602 3922 οὖν’
1632 3878 1725 3934 θεῷ
1757 3875 1956 3931 ἀγαγεῖν.

609 3954 644 4010 ⁸)
676 3956 758 4010 Ep.
790 3956 868 3997 XI.
902 3969 973 4009 ap.
1007 3955 1145 4009 Mign.
1178 3955 1253 3997 lat.
1286 3954 1375 3995 ΡΡ.
1407 3958 1440 3998 t.
1473 3950 1545 3998 59.
1579 3966 1623 4007 p.
1654 3950 1725 3996 59.
