2716 4446
1356 122 1756 182 -190-

519 288 592 339 uti
627 303 726 354 per
757 291 917 352 caput
954 283 1167 337 visibile
1218 284 1286 334 ab
1337 283 1588 338 invisibili
1637 286 1812 353 capite
1867 285 2082 339 Christo
2121 290 2384 342 coelestes
2431 293 2596 344 bene-

522 379 780 430 dictiones
819 377 871 428 in
908 382 1073 430 totum
1114 390 1311 443 corpus
1350 375 1613 442 defluunt,
1653 378 1770 431 sola
1797 378 2010 431 tandem
2038 387 2147 448 est,
2187 398 2340 450 quam
2371 390 2593 452 potente

521 489 616 525 sua
654 473 848 523 virtute
889 469 1200 522 mirabiliter
1238 469 1490 522 Dominus
1528 477 1706 524 tuetur
1743 487 1808 524 ac
1845 480 2045 527 servat.

1011 652 1078 695 12.
1110 650 1346 695 Romanae
1377 650 1570 696 unitatis
1603 657 1769 711 pastor
1800 658 2105 715 apostolicus.

295 792 497 836 Infertur.
658 774 777 830 228.
819 774 1174 829 Corollari
1193 791 1286 827 um
1313 774 1453 828 VIII.
1494 772 1790 844 Supremus
1827 783 2016 845 pastor
2042 778 2111 832 ad
2136 795 2292 848 quem
2317 798 2473 836 unum
2501 798 2595 837 ca-

513 869 746 922 tholicae
802 869 1018 922 unitatis
1077 868 1242 920 tutela
1294 874 1611 934 revocatur,
1669 867 1817 922 Petri
1873 876 1954 923 est
2013 872 2066 924 in
2119 875 2420 943 apostolica
2475 875 2594 946 ejus

515 963 900 1030 praerogativa
937 976 1251 1015 successor:
1305 961 1443 1014 idem
1484 978 1619 1030 ergo
1659 969 1742 1015 est
1779 970 1886 1018 tam
1925 966 2137 1018 nomine
2175 983 2332 1035 quam
2380 986 2442 1023 re
2491 986 2599 1038 gu-

512 1058 769 1109 bernator
807 1062 862 1109 et
898 1062 1077 1109 rector
1114 1055 1380 1109 ecclesiae
1420 1056 1777 1125 apostolicus,
1822 1056 2048 1126 ejusque
2079 1060 2419 1128 particularis
2457 1061 2595 1117 fixa-

513 1167 616 1217 que
655 1150 813 1203 sedes
851 1150 1055 1219 pariter
1092 1166 1152 1202 re
1191 1165 1258 1203 ac
1295 1149 1506 1203 nomine
1546 1150 1846 1218 apostolica
1885 1157 1982 1204 est.
2058 1150 2168 1204 Sed
2208 1154 2299 1207 ille
2337 1171 2595 1210 romanus

512 1249 595 1295 est
627 1243 844 1311 praesul
883 1252 937 1296 et
974 1243 1113 1296 haec
1149 1248 1233 1295 est
1270 1242 1430 1295 sedes
1468 1258 1705 1296 romana.
1781 1242 1878 1297 Est
1909 1261 2044 1312 ergo
2085 1261 2336 1301 romanus
2374 1250 2596 1318 praesul

512 1336 842 1404 apostolicus
881 1343 933 1390 et
960 1352 1183 1390 romana
1222 1335 1384 1388 sedes
1418 1336 1718 1405 apostolica
1757 1342 1871 1404 est,
1921 1344 1976 1390 et
2019 1344 2134 1392 tota
2172 1340 2296 1394 inde
2337 1343 2485 1396 velut
2521 1360 2592 1396 cx

512 1430 689 1498 capite
727 1430 971 1499 pendens
1004 1431 1238 1484 ecclesia
1275 1430 1576 1499 apostolica
1614 1426 1836 1484 exsistit.

803 1617 870 1660 13.
902 1618 1101 1662 Praeter
1130 1625 1371 1660 romanam
1401 1613 1624 1658 unitatem
1655 1612 1783 1656 nulla
1816 1611 2016 1656 ecclesia
2048 1612 2296 1658 catholica.

292 1751 496 1795 lusertur.
660 1736 778 1792 229.
819 1735 1274 1791 Corollarium
1302 1735 1394 1790 IX.
1450 1732 1903 1799 Quemadmodum
1944 1735 2264 1801 gubernatio
2293 1735 2593 1789 catholicae

511 1830 779 1884 ecclesiae
818 1837 1063 1900 spectata
1100 1831 1271 1884 forma
1313 1830 1653 1883 monarchica
1692 1834 1798 1894 est,
1836 1827 1911 1879 ita
1951 1833 2196 1895 spectato
2224 1827 2470 1896 subjecto
2509 1829 2594 1882 cui

510 1924 850 1991 gubernandi
887 1926 1026 1978 inest
1063 1931 1304 1994 potestas
1343 1939 1567 1977 romana
1605 1927 1702 1974 est.
1779 1919 1927 1984 Quae
1964 1935 2098 1987 ergo
2141 1922 2439 1973 communio
2485 1937 2593 1976 non

511 2025 594 2071 est
630 2018 973 2073 monarchica
1011 2035 1185 2087 neque
1210 2034 1466 2086 romana,
1506 2015 1694 2071 eadem
1731 2028 1837 2067 non
1877 2019 1960 2066 est
1990 2008 2010 2043 ¹
2047 2013 2280 2066 ecclesia
2309 2013 2592 2068 catholica.

779 2199 847 2242 14.
879 2198 1077 2244 Praeter
1107 2211 1347 2244 romanam
1377 2198 1599 2243 unitatem
1629 2198 1760 2243 nulla
1791 2197 1992 2243 ecclesia
2023 2196 2302 2256 apostolica.

291 2333 497 2379 wrm-tur.
654 2316 779 2370 230.
820 2315 1277 2372 Corollarium
1314 2317 1381 2370 X.
1435 2317 1611 2371 Sedes
1642 2318 1788 2371 nulla
1825 2323 2045 2387 praeter
2070 2332 2344 2370 romanam
2372 2323 2592 2387 aposto-

510 2409 644 2462 licos
683 2411 847 2464 habet
884 2427 1230 2466 successores
1268 2419 1323 2466 et
1360 2412 1507 2466 solus
1534 2413 1756 2465 antistes
1785 2427 2036 2465 romanus
2061 2410 2274 2483 plenam
2303 2408 2326 2443 ²
2362 2418 2586 2481 aposto-

508 2505 664 2560 licam
719 2521 856 2573 quae
894 2504 1044 2559 Petri
1096 2513 1214 2560 erat
1267 2507 1525 2576 principis
1562 2505 1951 2577 Apostolorum
2003 2512 2323 2575 potestatem
2373 2522 2590 2560 succes-

485 2597 658 2650 sione
689 2595 712 2630 3
748 2599 1108 2652 nanciscitur:
1167 2599 1313 2653 nulla
1351 2615 1484 2669 ergo
1538 2600 1771 2655 ecclesia
1810 2617 1841 2654 a
1880 2615 2101 2653 romana
2153 2601 2355 2653 unitate
2401 2600 2590 2653 avulsa

630 2832 646 2862 1
676 2832 794 2876 Hinc
823 2832 997 2892 Georg.
1029 2838 1289 2892 trapezunt.
1320 2835 1536 2880 instituta
1568 2834 1963 2880 demonstratione
1994 2834 2050 2885 de
2072 2846 2184 2890 una,
2217 2836 2395 2890 sancta,
2427 2833 2590 2879 catho-

508 2904 601 2948 lica
636 2905 856 2962 ecclesia,
889 2917 1008 2964 quae
1040 2906 1103 2951 sit
1132 2920 1328 2952 romana
1360 2907 1615 2953 concludit:
1660 2906 1786 2959 ὅστις
1817 2905 1908 2969 ἄρα
1939 2904 2027 2964 οὐχ
2057 2907 2210 2952 ἕπεται
2240 2912 2295 2967 τῇ
2319 2914 2395 2966 τῆς
2423 2904 2590 2967 Ῥώμης

508 2978 710 3036 ἐκκλεσίᾳ
742 2977 979 3033 ἐξώκισται
1018 2980 1098 3038 τῆς
1126 2984 1264 3039 μίας,
1311 2979 1472 3043 ἁγίας,
1512 2982 1764 3040 καθολικῆς
1808 2983 1883 3026 καὶ
1925 2978 2225 3039 ἅποστολικῆς
2264 2981 2498 3038 ἐκκλησίας
2528 2977 2590 3039 τῷ

509 3046 769 3110 ἀναθέματι
799 3051 1054 3098 ὑποπεσών.
1132 3072 1147 3091 ··

631 3124 648 3152 2
675 3125 897 3184 Episcopi
927 3131 1235 3186 pastoresque
1266 3126 1579 3187 particulares
1609 3128 1722 3172 licet
1766 3127 1856 3171 dici
1884 3126 2069 3184 possint
2113 3139 2170 3171 ac
2201 3138 2318 3171 vero
2350 3125 2489 3171 etiam
2523 3125 2589 3169 di-

513 3201 677 3242 cantur
708 3199 1048 3256 Apostolorum
1078 3213 1400 3258 successores,
1441 3215 1534 3246 non
1566 3199 1820 3244 succedunt
1849 3202 2003 3244 tamen
2033 3197 2130 3243 illis
2161 3198 2263 3243 sive
2302 3198 2350 3242 in
2389 3198 2588 3256 plenitu-

514 3270 617 3314 dine
649 3271 1016 3329 apostolicarum
1048 3274 1244 3319 omnium
1277 3275 1437 3319 dotum
1469 3276 1611 3332 (puta
1640 3270 2018 3328 infallibilitatis)
2061 3270 2161 3315 sive
2199 3272 2366 3329 plenae
2395 3273 2589 3329 aposto-

514 3343 633 3388 licae
679 3345 932 3402 potestatis
985 3345 1137 3404 qualis
1193 3346 1419 3404 regimine
1474 3344 1731 3390 universali
1784 3344 2060 3390 continetur.
2140 3343 2258 3388 Vide
2300 3341 2585 3389 Muzzarelli.

515 3428 669 3472 opusc.
702 3419 734 3459 t.
765 3418 836 3460 21.

157 3502 351 3537 potestas
385 3503 502 3540 Petri
634 3489 653 3518 3
682 3488 798 3533 Hinc
827 3488 1111 3548 intelligitur
1139 3492 1330 3547 recepta
1361 3490 1482 3548 apud
1513 3490 1767 3550 theologos
1799 3490 2050 3546 distinctio,
2080 3486 2224 3534 fuisse
2254 3489 2302 3534 in
2324 3490 2468 3534 Petro
2498 3502 2583 3547 po-

209 3554 442 3590 ⁰²'⁶¹²'¹¹⁰²'²“¹·
517 3563 732 3606 testatem
764 3561 1077 3606 universalem
1112 3562 1416 3621 ordinariam;
1461 3563 1508 3607 in
1547 3564 1654 3608 aliis
1695 3567 1860 3608 contra
1899 3562 2143 3621 Apostolis
2185 3559 2330 3606 fuisse
2371 3566 2585 3607 extraor-

517 3633 753 3679 dinariam.
810 3634 995 3691 Reliqui
1024 3635 1142 3680 enim
1174 3636 1393 3693 Apostoli
1423 3634 1676 3681 fundarunt
1701 3634 1880 3692 quidem
1913 3637 1961 3677 et
1982 3631 2456 3678 rexeruntecclesias
2475 3644 2586 3689 par-

516 3707 759 3752 ticulares:
791 3721 886 3753 non
914 3705 1004 3752 fuit
1047 3710 1202 3753 tamen
1242 3709 1366 3754 inter
1394 3709 1653 3766 Apostolos
1698 3707 1788 3752 nisi
1834 3720 1951 3752 unus
1988 3706 2182 3762 Petrus,
2227 3704 2302 3748 cui
2331 3703 2581 3762 episcopus

510 3778 621 3834 jure
653 3779 809 3824 divino
841 3780 1049 3824 succedit
1079 3780 1219 3838 plena
1248 3781 1591 3839 universalique
1630 3781 1775 3838 ipsius
1813 3781 2049 3837 potestate
2086 3775 2296 3834 insignis.
2356 3775 2466 3820 Inde
2502 3789 2583 3820 au-

517 3851 607 3890 tem
649 3850 894 3894 discrimen
932 3849 1180 3897 manifesto
1226 3856 1356 3909 patet
1405 3853 1527 3911 quod
1582 3853 1706 3896 inter
1750 3863 2067 3896 successorem
2117 3848 2247 3893 Petri
2291 3848 2580 3906 aliorumque

518 3921 855 3977 Apostolorum
895 3936 1191 3969 successores
1232 3927 1500 3983 intercedit,
1546 3925 1756 3984 quodque
1787 3939 1844 3969 eo
1877 3926 2081 3981 spectat,
2126 3925 2178 3966 ut
2216 3921 2286 3964 illi
2335 3921 2580 3979 Apostolis
