2716 4446
209 292 388 325 Tarasiua.

200 550 297 598 Rom.
314 562 346 597 Ῑ.
359 562 392 594 8.

143 1784 270 1819 Cone-il.
286 1785 439 1824 ephesin.

207 2160 335 2202 Concil.
356 2160 418 2195 VI.

145 3136 324 3168 Proiectus
341 3138 443 3178 leqat.

232 3427 379 3470 AyathO·

1347 127 1695 189 -234-

465 274 676 344 ·„dixit:
719 272 1132 349 Sacratissimus
1171 271 1374 326 Paulus
1414 243 1726 344 Apostolus,
1766 273 1866 344 quir
1895 273 2196 329 illustratus
2234 285 2317 331 est
2351 278 2555 333 lumine

480 366 696 433 Christi,
714 372 774 445 *et
798 367 988 434 genuit
1011 372 1111 419 no's
1137 385 1236 436 per
1262 367 1625 437 evangelium,
1653 386 1776 420 cum
1802 370 2038 422 romanis
2065 370 2342 440 scriberet,
2364 390 2555 443 appro-
2611 402 2619 405 -

476 460 613 512 bans
642 457 878 510 studium
908 458 1149 511 sincerae
1175 458 1305 511 fidei
1332 478 1532 528 eorum,
1575 472 1736 531 quam
1762 462 1820 513 in
1848 458 2125 515 Christum
2161 482 2349 516 verum
2377 463 2558 519 Deum

477 552 765 620 habebant,
807 553 884 604 sic
924 552 1000 604 ait
1029 555 1088 620 ¹):
1146 552 1313 606 Fides
1351 562 1534 607 vestra
1573 556 1922 631 annuntiatur
1957 556 2014 607 in
2049 557 2304 610 universo
2340 556 2558 612 munde.

477 647 600 699 Hoc
637 646 1010 698 testimonium
1053 647 1210 716 sequi
1248 649 1620 700 necessarium
1661 656 1770 700 est:
1827 655 1883 701 et
1918 637 2225 703 inconsulto
2265 651 2405 720 agit,
2464 639 2559 723 qui

476 741 604 793 huic
644 747 870 793 conatur
906 741 1180 793 resistere.
1255 740 1415 794 Unde
1454 742 1769 795 Hadrianus
1814 741 2034 813 praesul
2062 739 2300 796 'senioris
2337 743 2559 814 Romae,

479 853 602 888 cum
640 841 785 887 esset
821 835 1094 904 particeps
1136 852 1340 902 eorum,
1384 837 1477 906 qui
1515 835 1793 905 praedicto
1851 836 2158 889 testimonio
2215 824 2413 890 muniri
2448 844 2559 898 me·
2608 880 2610 883 .

477 934 719 996 ruerunt,
762 927 980 997 scripsit
1018 946 1278 998 expresse
1318 935 1372 980 et
1409 930 1680 982 veraciter
1716 929 1819 999 piis
1871 930 2288 1000 imperatoribus
2343 932 2560 1002 nostris,

479 1028 640 1092 atque
680 1020 750 1074 ad
787 1020 1147 1073 humilitatem
1186 1029 1443 1090 nostram,
1485 1023 1762 1075 affirmans
1788 1022 1927 1076 bene
1955 1042 2018 1076 ac
2046 1025 2247 1094 optime
2275 1042 2333 1077 se
2357 1023 2560 1085 habere

478 1115 755 1185 antiquam
792 1114 1138 1167 traditionem
1178 1115 1443 1168 ecclesiae
1484 1115 1784 1170 catholicae
1813 1159 1826 1171 .
1854 1159 1867 1172 .
1895 1156 1908 1169 .
1969 1118 2047 1170 sic
2086 1118 2322 1171 confessi
2359 1136 2559 1188 sumus,

479 1208 798 1261 confitemur
837 1218 891 1263 et
944 1209 1348 1277 confitebimur,
1410 1229 1770 1263 consonamus
1829 1219 1883 1264 et
1933 1211 2341 1281 confirmamus,
2398 1219 2560 1284 atque

477 1301 921 1374 permanebimus
961 1302 1018 1355 in
1059 1303 1458 1372 significatione
1497 1303 1816 1372 litterarum,
1875 1322 2014 1375 quae
2071 1304 2244 1358 lectae
2284 1313 2438 1376 sunt„
2464 1347 2477 1360 .
2506 1348 2518 1361 .
2545 1347 2561 1362 .

477 1397 608 1450 Post
646 1415 786 1468 quae
825 1405 1052 1464 „sancta
1093 1396 1331 1467 synodus
1371 1396 1532 1450 dixit:
1593 1396 1732 1450 Tota
1790 1398 2154 1451 sacratissima
2211 1398 2449 1470 synodus
2485 1400 2563 1453 ita
2602 1447 2610 1451 .

465 1491 667 1560 credit,
707 1492 784 1543 ita
823 1492 987 1561 sapit,
1028 1492 1104 1543 ita
1141 1491 1521 1560 dogmatizat„
1597 1491 1866 1545 Nimirum
1924 1479 2090 1564 quum
2146 1512 2370 1546 romana
2423 1493 2559 1546 fides

479 1585 699 1638 doctore
738 1587 983 1655 gentium
1021 1585 1287 1656 Apostolo
1329 1586 1398 1637 sit
1433 1585 1569 1638 fides
1608 1586 1903 1656 catholica,
1941 1606 2167 1640 necesse
2206 1595 2290 1640 est
2327 1586 2560 1641 catholi-

479 1698 602 1732 cum
659 1681 906 1750 quemvis
964 1697 1219 1731 romanae
1256 1676 1404 1747 ‘sedis
1461 1679 1624 1732 fidem
1662 1678 1755 1732 ubi
1794 1682 2112 1751 proponitur
2147 1680 2416 1756 amplecti.

651 1773 774 1828 261.
814 1773 878 1825 Id
905 1772 1050 1843 quod
1088 1772 1279 1825 litteris
1303 1773 1348 1844 2)
1391 1773 1458 1825 ad
1497 1773 1785 1825 concilium
1825 1774 2142 1844 ephesinum
2181 1774 2319 1827 datis
2359 1775 2561 1845 signifi-

478 1867 625 1920 cavit
663 1865 1004 1921 Coelestinus
1052 1866 1325 1919 scribens:
1367 1867 1475 1935 „Iis
1515 1886 1654 1937 quae
1694 1875 1927 1937 aguntur
1964 1868 2215 1921 intersint
2254 1867 2444 1939 (legati
2478 1886 2560 1922 ro-

476 1959 647 2031 mani)
677 1966 731 2012 et
758 1977 896 2030 quae
917 1979 949 2012 a
967 1959 1125 2012 nobis
1149 1966 1346 2012 statuta
1373 1968 1498 2012 sunt
1527 1967 1909 2031 exsequantur.
1935 1959 2146 2026 Quibus
2178 1960 2563 2031 praestandum
2602 1947 2604 1949 Ι

475 2074 508 2106 a
567 2062 751 2107 vestra
812 2054 1095 2106 sanctitate
1172 2073 1281 2106 non
1350 2053 1662 2107 dubitamus
1732 2062 2062 2125 assensum.„
2151 2054 2342 2126 Neque
2415 2054 2564 2108 aliud

477 2149 638 2202 etiam
688 2147 903 2219 Agatho
927 2147 972 2220 ³)
1035 2147 1319 2218 flagitabat
1373 2149 1430 2200 in
1494 2148 1724 2201 concilio
1789 2155 1942 2202 sexto
1963 2189 1978 2217 ‚
2042 2156 2102 2202 ut
2161 2150 2370 2218 „omnis
2407 2167 2561 2220 prae-

478 2242 656 2296 sulum
716 2261 973 2296 numerus
1037 2261 1102 2295 ac
1166 2241 1535 2311 sacerdotum,
1616 2240 1748 2295 cleri
1823 2260 1886 2294 ac
1949 2241 2299 2313 populorum,
2373 2242 2560 2295 unani-
2598 2280 2607 2299 -.

477 2554 554 2600 νὸς
583 2555 666 2611 τῆς
695 2559 1007 2613 πρεσβυτέρας
1050 2552 1217 2611 Ῥώμης
1261 2554 1505 2613 πρόεδρος,
1550 2556 1638 2597 τῶν
1677 2555 2067 2611 μαρτυρωθέντων
2098 2549 2317 2610 ὑπάρχων
2345 2556 2545 2603 μέτοχος

478 2627 729 2685 γεγράφηκε
758 2628 934 2708 τρανῶς
966 2628 1041 2669 καὶ
1072 2624 1254 2682 ἀληθῶς
1282 2631 1381 2671 τοῖς
1413 2625 1636 2679 εὐσεβέσιν
1667 2622 1786 2681 ἡμῶν
1833 2626 2068 2678 βασιλεῦσι
2099 2626 2174 2666 καὶ
2203 2622 2319 2682 πρὸς
2347 2637 2428 2679 την
2456 2620 2558 2680 ἦμε-

478 2703 615 2758 τέραν
644 2697 941 2757 μετριότητα,
989 2698 1320 2782 βεβαιούμενος
1366 2714 1466 2750 ευγε
1507 2699 1582 2739 καὶ
1623 2697 1765 2741 καλῶς
1797 2699 1914 2747 ἔχειν
1943 2695 2027 2752 τὴν
2059 2694 2264 2754 ἀρχαίαν
2294 2695 2559 2753 παράδοσιν

479 2774 561 2828 τῆς
592 2774 843 2828 καθολικῆς
877 2771 1139 2826 ἐκκληοίας
1203 2805 1214 2816 .
1251 2767 1368 2814 οὕτω
1400 2771 1478 2812 καὶ
1509 2768 1848 2825 ὁμολογήσαμεν
1887 2770 1965 2810 καὶ
1997 2766 2304 2820 ὁμολογοῦμεν
2337 2770 2413 2809 καὶ
2445 2765 2559 2818 ὅμο-

479 2844 741 2900 λογήσομεν,
774 2844 851 2885 καὶ
882 2842 1155 2892 στοιχοῦμεν
1188 2859 1263 2884 και
1295 2843 1550 2892 ἐμμένομεν,
1583 2843 1660 2882 καὶ
1690 2839 2013 2894 βεβαιούμεθα
2042 2840 2103 2897 τῇ
2131 2841 2220 2882 τῶν
2250 2836 2559 2892 ἀναγνωσθέν-
2595 2854 2598 2856 ·

479 2931 567 2959 των
597 2915 875 2974 γραμμάτων
907 2914 1096 2965 ἕμφάσει
1119 2947 1131 2959 .
1155 2947 1167 2961 .
1193 2949 1203 2960 .
1236 2911 1291 2955 ‘H
1319 2912 1430 2967 ἁγία
1463 2913 1660 2957 σύνοδος
1692 2903 1804 2954 εἷπε·
1836 2913 1968 2954 πᾶσα
1999 2909 2027 2967 ἦ
2060 2909 2160 2969 ἱεροὶ
2193 2911 2388 2956 σύνοδος
2419 2907 2563 2957 οὕτως

482 2989 766 3043 δογματίζει.

660 3062 695 3118 ¹)
726 3062 852 3103 Rom.
884 3061 919 3102 I.
951 3059 992 3103 8.

656 3133 690 3190 ²)
724 3134 820 3178 Act.
852 3134 910 3175 II.
943 3147 1013 3187 ap.
1044 3133 1259 3176 Harduin.
1291 3137 1321 3173 t.
1354 3133 1388 3174 I.
1421 3146 1464 3186 p.
1498 3130 1626 3175 1471.
1670 3132 1760 3173 Ubi
1798 3132 2024 3172 Proiectus
2054 3130 2222 3171 romani
2251 3127 2468 3184 pontificis
2497 3128 2560 3170 le·
2619 3123 2626 3130 ’

479 3211 607 3261 gatus
628 3208 791 3261 pariter
811 3206 1038 3260 pontificii
1043 3205 1236 3246 mandati
1259 3206 1619 3258 exsequutionem
1649 3204 1845 3257 requirit.
1878 3203 1961 3243 Rei
1981 3205 2127 3243 autem
2148 3201 2361 3242 rationem
2382 3199 2562 3240 adducit
2594 3223 2599 3233 x

479 3279 710 3333 Philippus
755 3282 798 3319 et
836 3279 931 3331 ipse
976 3277 1174 3330 legatus:
1222 3276 1491 3329 exploratam
1538 3275 1705 3316 scilicet
1743 3276 1972 3316 veritatem
2004 3275 2166 3327 „totius
2196 3273 2298 3315 fidei
2326 3273 2399 3314 vel
2428 3273 2560 3313 etiam
2602 3326 2606 3330 ἑ

480 3351 788 3406 Apostolorum
821 3352 951 3403 caput
982 3361 1077 3389 esse
1108 3348 1284 3388 beatum
1314 3346 1571 3400 Apostolum
1603 3347 1796 3390 Petrum.
1785 3377 1825 3398 .„
1930 3399 1933 3401 ,

658 3422 692 3477 3)
725 3424 810 3463 Act
839 3422 915 3465 IV.
946 3435 1018 3474 ap
1049 3420 1266 3463 Harduin.
1298 3423 1328 3459 t.
1362 3419 1443 3465 111
1475 3433 1518 3472 p
1553 3417 1681 3462 1109
1714 3419 1882 3469 Quibus
1914 3417 2134 3459 simillima
2162 3417 2320 3470 repetit
2347 3416 2394 3456 in
2423 3415 2561 3467 altera

483 3496 669 3550 epistola
698 3495 861 3536 ibidem
891 3508 935 3548 p.
970 3491 1098 3537 1126.
1143 3493 1434 3544 „Quicunque
1474 3491 1656 3545 proinde
1689 3490 1964 3532 sacerdotum
1992 3489 2115 3540 haee,
2149 3501 2260 3542 quae
2290 3488 2337 3528 in
2368 3487 2452 3528 hac
2480 3499 2559 3540 no7

483 3572 599 3610 strae
629 3567 887 3608 humilitatis
919 3565 1188 3607 confessione
1223 3564 1515 3613 continentur,
1557 3564 1785 3604 nobiscum
1825 3563 2052 3603 sinceriter
2096 3559 2351 3614 praedicare
2391 3558 2559 3610 deside-

482 3644 595 3697 rant,
642 3643 692 3680 ut
734 3642 910 3679 nostrae
955 3636 1221 3691 apostolicae
1264 3636 1366 3677 fidei
1405 3636 1746 3688 .conoordes,·ut
1787 3634 2132 3682 consacerdotes,
2163 3636 2212 3674 ut
2241 3629 2558 3672 comministros

485 3712 679 3752 eiusdem
709 3710 824 3761 fidei,
858 3714 902 3751 et
929 3713 979 3750 ut
1009 3709 1265 3762 simpliciter
1294 3709 1504 3759 dicamus,
1537 3711 1586 3747 ut
1601 3706 1824 3761 spiritales
1845 3706 2005 3746 fratres
2022 3709 2068 3746 et
2087 3703 2366 3756 coepiscopos
2386 3703 2558 3740 nostros

485 3784 760 3837 suscipimus.
794 3783 880 3833 Qui
909 3795 1014 3823 vero
1044 3782 1154 3823 haec
1187 3781 1384 3822 confiteri
1412 3771 1644 3831 noluerint,
1675 3783 1725 3819 ut
1742 3776 1924 3819 infestos
1947 3777 2186 3818 catholicae
2217 3770 2354 3827 atque‘
2379 3773 2554 3824 aposto-

485 3855 597 3896 licae
630 3855 905 3907 confessioni,
951 3859 1191 3908 perpetuae
1236 3852 1613 3895 condemnationis
1655 3843 1753 3891 reos
1795 3862 1893 3890 esse
1924 3855 2176 3897 censemus:
2206 3857 2289 3884 nec
2319 3841 2556 3897 aliquando

485 3927 595 3968 tales
625 3928 673 3968 in
701 3932 876 3968 nostrae
906 3926 1166 3977 humilitatis
1197 3925 1399 3980 collegio,
1429 3924 1514 3965 nisi
1546 3927 1765 3966 correctos
1792 3920 2025 3976 pastinum„
2091 3933 2093 3935 ·
2312 3920 2314 3924 ’

2650 321 2670 335 a
