2626 4432
398 354 574 406 titulos
611 328 842 403 reducit:
901 342 1211 414 „Catholica
1262 345 1488 394 vocatur
1540 334 1667 404 (seu
1705 333 2023 387 universalis
2059 331 2346 398 ecclesia),
2393 346 2459 383 eo

398 445 538 513 quod
576 460 673 511 per
710 446 874 494 totum
913 439 1093 489 orbem
1133 436 1199 485 ab
1239 430 1490 499 extremis
1529 435 1706 481 terrae
1740 427 1933 480 finibus
1972 425 2039 477 ad
2069 431 2340 479 extremos
2371 439 2462 476 us·

398 553 499 603 que
537 535 669 586 fines
708 531 899 584 diffusa
936 533 1031 580 est.
1106 524 1175 576 Et
1219 525 1340 590 quia
1393 523 1642 575 universe
1694 526 1750 572 et
1789 521 1997 585 absque
2051 517 2264 574 defectu
2304 516 2465 570 docet

397 628 596 691 omnia,
635 640 770 690 quae
809 623 861 673 in
901 619 1164 672 hominum
1197 604 1436 667 notitiam
1475 613 1659 664 ven-ire
1699 611 1897 664 debent
1930 610 2210 677 dogmata,
2243 611 2358 662 sive
2395 609 2463 662 de

395 718 687 770 visibilibus
725 721 778 766 et
815 711 1192 775 invisibilibus,
1244 707 1358 758 sive
1406 705 1472 757 de
1526 705 1851 757 coelestibus
1902 710 1956 755 et
1995 703 2339 756 terrestribus
2377 719 2465 755 re-

394 812 506 862 bus.
561 807 687 859 Tum
731 805 886 856 etiam
926 817 991 855 eo
1019 799 1161 867 quod
1200 813 1352 851 omne
1389 798 1655 849 hominum
1693 813 1864 863 genus
1901 802 2054 849 recto
2092 796 2258 850 cultui
2299 795 2466 849 subii-

395 903 522 967 ciat,
562 899 831 968 principes
871 902 924 948 et
962 894 1229 963 privatOS‚
1270 891 1457 943 doctos
1500 897 1554 941 et
1590 890 1881 960 imperitos,
1954 887 2044 944 Ac
2071 889 2300 958 denique
2343 889 2466 957 quia

395 991 719 1061 generaliter
772 988 981 1056 quidem
1033 1002 1187 1039 omne
1238 990 1576 1054 peccatorum
1618 999 1787 1051 genus
1828 1000 1965 1051 quae
2003 1001 2105 1052 per
2147 985 2372 1036 animam
2413 989 2468 1036 et

397 1101 593 1153 corpus
631 1087 1037 1152 perpetrantur,
1090 1085 1240 1132 curat
1279 1085 1333 1131 et
1371 1084 1550 1145 sanat3
1598 1072 1783 1130 eadem
1825 1091 1959 1129 vero
2008 1069 2165 1129 omne
2204 1077 2466 1145 possidet,

398 1178 583 1246 quovis
634 1176 842 1242 nomine
898 1173 1252 1242 significetur,
1310 1172 1520 1224 virtutis
1570 1186 1740 1238 genus
1789 1171 1844 1221 in
1900 1170 2057 1223 factis
2102 1177 2158 1222 et
2193 1171 2376 1223 verbis
2414 1176 2469 1223 et

398 1269 722 1337 spiritalibus
761 1268 992 1321 cuiusvis
1031 1266 1230 1334 speciei
1272 1265 1474 1333 donis„
1553 1262 1702 1317 Sicut
1745 1264 1881 1316 enim
1909 1264 2469 1331 antiquitus‘ecclesia

398 1363 497 1414 Dei
532 1361 795 1415 catholica
832 1361 975 1413 nulla
1012 1359 1397 1425 nominaretur,
1438 1358 1538 1409 nisi
1576 1374 1713 1425 quae
1753 1373 1973 1410 romana
2005 1354 2024 1387 1
2059 1358 2468 1425 cognominare-

399 1462 508 1521 tur3
547 1455 620 1507 ita
657 1453 901 1521 profecto
940 1452 1006 1504 de
1042 1452 1146 1507 hac
1185 1452 1384 1503 unitate
1423 1466 1645 1503 romana
1684 1450 1929 1503 laudatos
1985 1450 2332 1529 characteres
2372 1460 2467 1504 an-

400 1548 530 1614 tiqui
567 1547 975 1615 praedicabant:
1028 1551 1082 1597 et
1121 1545 1274 1597 sicuti
1314 1543 1579 1596 catholica
1614 1544 1846 1597 ecclesia
1895 1559 1959 1596 eo
1999 1545 2119 1613 ipso
2165 1543 2307 1612 quod
2347 1544 2469 1598 talis
2544 1572 2546 1574 v

402 1647 484 1694 est
521 1640 798 1693 duratione
836 1640 1030 1706 iugiter
1083 1637 1270 1690 eadem
1309 1643 1487 1689 manet
1522 1642 1681 1704 atque
1731 1637 1830 1691 sibi
1869 1654 2084 1706 semper
2121 1637 2304 1691 similis
2343 1655 2475 1706 per-.

403 1734 568 1801 sistit3
627 1733 700 1785 ita
751 1733 1029 1784 etiamnum
1090 1747 1196 1783 non
1260 1731 1364 1783 alia
1421 1730 1652 1784 ecclesia
1704 1730 2007 1783 catholicae
2044 1731 2256 1783 nomine
2305 1738 2360 1783 et
2410 1748 2474 1784 re

402 1828 518 1879 iure
553 1826 845 1892 meritoque
884 1823 1100 1877 excellit
1139 1829 1354 1893 praeter
1393 1825 1676 1878 ecclesiam
1724 1825 1986 1893 insignem
2027 1826 2346 1894 cognomine
2381 1839 2472 1878 ro-

404 1934 619 1971 manae:
669 1916 880 1971 tandem
931 1918 1084 1970 sicuti
1123 1934 1315 1971 revera
1362 1918 1591 1971 ecclesia
1642 1935 1779 1985 quae
1831 1919 2032 1972 unitate
2080 1927 2303 1971 romana
2340 1933 2472 1972 con-

405 2014 598 2065 tinetur
637 2011 982 2078 ornamentist,
1031 2010 1313 2065 decoribus
1349 2012 1665 2080 dotibusque
1710 2013 1814 2065 illis
1858 2011 2200 2081 topologico,
2240 2013 2473 2064 chrono-

404 2106 610 2172 logice,
651 2104 992 2157 oeconomico
1020 2110 1073 2156 et
1111 2106 1286 2158 ethico
1314 2106 1537 2174 egregie
1573 2107 1782 2158 omnino
1825 2106 2199 2174 distinguitur3
2237 2092 2475 2158 ita'reli-

406 2215 542 2266 quae
581 2198 971 2251 communiones
1011 2212 1194 2250 omnes
1234 2215 1370 2266 quae
1398 2200 1660 2252 ecclesiae
1685 2214 1877 2252 nomen
1904 2199 2247 2268 praeferunt,
2284 2198 2475 2252 iisdem

405 2294 680 2346 manifeste
723 2293 1105 2359 destituuntur,
1146 2309 1317 2360 neque
1356 2292 1584 2362 proinde
1617 2293 1916 2347 catholicae
1956 2308 2148 2345 nomen
2187 2277 2474 2346 merentur.

408 2387 559 2450 Quod
597 2401 728 2439 vero
777 2404 807 2439 a
845 2387 1116 2454 Macari0‚
1178 2387 1268 2454 qui
1317 2387 1371 2438 in
1423 2386 1778 2440 describenda
1824 2387 2086 2452 ecclesia,
2143 2393 2202 2440 ut
2238 2403 2340 2456 par
2375 2393 2474 2454 est,

407 2487 646 2532 veterum
703 2481 863 2532 utitur
917 2480 1264 2546 auctoritate,
1317 2480 1406 2531 ubi
1435 2475 1456 2509 ²
1511 2479 1776 2532 ecclesiae
1826 2481 2140 2549 partitiones
2186 2481 2474 2550 variasque

406 2573 803 2645 particularium
858 2572 1204 2625 ecclesiarum
1252 2573 1641 2641 appellationes
1689 2581 1967 2642 recenset,
2019 2590 2193 2643 neque
2245 2575 2476 2642 nominis

408 2679 659 2717 romanae
696 2681 868 2732 neque
906 2666 1204 2733 partitionis
1242 2666 1295 2717 in
1320 2665 1700 2719 occidentalem
1728 2673 1782 2719 et
1807 2668 2118 2734 orientalem
2157 2668 2404 2736 plagam,
2443 2683 2475 2720 e

411 2773 514 2824 qua
554 2763 775 2825 utraque
814 2758 1131 2811 universalis
1169 2759 1400 2821 ecclesia
1451 2756 1745 2828 eademque
1797 2752 2349 2829 apostolico-romana
2394 2760 2475 2813 ef·-

410 2848 698 2902 florescere
755 2851 822 2902 ab
876 2851 1105 2919 antiquis
1166 2851 1475 2920 frequenter
1529 2854 1871 2922 perhibetur,
1936 2855 2255 2907 mentionem
2312 2854 2474 2921 ullam

410 2936 675 3009 iniecerit,
713 2944 898 2997 mirum
924 2944 1092 2999 videri
1117 2947 1287 3013 possit
1312 2963 1485 3015 neque
1512 2949 1579 3001 ab
1606 2949 1746 3001 omni
1771 2949 1999 3016 partium
2021 2948 2198 3002 studio
2230 2948 2474 3002 alienum.

1233 3188 1525 3250 CAPUT
1575 3193 1650 3251 ΙΙ.

849 3324 919 3382 Dc
970 3329 1155 3385 natura
1199 3343 1260 3386 ac
1304 3329 1474 3387 indole
1518 3345 1758 3390 romanae
1810 3333 2046 3392 unitatis

538 3441 575 3493 Ι.
613 3441 844 3497 Ecclesia
879 3458 1098 3498 romana
1136 3448 1355 3500 societas
1392 3452 1467 3500 est
1503 3453 2352 3520 necessaria-legalis-inaequalss.

63 3563 401 3654 Issffsslffniffl’ffia‘
562 3556 642 3610 14.
680 3556 973 3625 Explorata
1011 3575 1262 3614 romanae
1299 3563 1513 3616 unitatis
1541 3565 1886 3633 amplitudine
1915 3573 1969 3644 et
1996 3568 2309 3619 extensione
2349 3581 2479 3634 pro-

416 3665 536 3701 num
575 3657 682 3716 est,
732 3650 799 3702 de
843 3650 1154 3706 charactere
1189 3655 1328 3708 illius
1366 3658 1634 3733 inquirere
1678 3665 1836 3726 atque
1875 3665 2125 3713 statuere.
2200 3658 2253 3710 Is
2305 3672 2479 3726 porro¹

535 3818 550 3845 ¹
580 3817 664 3863 Cui
693 3819 740 3862 ἐκ
781 3818 1069 3880 παραλλήλου
1112 3823 1279 3867 dictum
1316 3825 1432 3869 illud
1473 3826 1662 3871 Paciani
1702 3826 1982 3883 respondet:
2030 3826 2321 3872 Christianus
2366 3823 2476 3869 mihi

416 3900 600 3944 nomen,
632 3890 897 3938 Catholicus
931 3905 1201 3952 cognomen.

533 3959 552 3988 ²
581 3961 746 4006 Ibidem
776 3977 819 4021 p.
848 3967 948 4010 286.
