2716 4446
184 399 314 432 Audax
329 400 492 434 schisma.

152 1894 502 1936 Argumentieumma.

194 3024 338 3066 Seryius
354 3035 450 3067 cypr.

525 290 660 349 tales
686 292 1078 364 „apostolicam
1117 300 1171 346 et
1207 293 1431 346 latinam
1469 293 1761 347 eeclesiam
1786 311 1936 355 nova*
1955 273 2395 365 praesumptione
2433 300 2595 366 atque

523 386 831 441 incredibili
896 387 1143 456 audacia,
1187 406 1304 446 >nec
1368 387 1609 440 auditam
1659 406 1762 440 nec
1815 389 2137 456 convictam,
2202 386 2383 458 palam
2412 409 2418 413 ·
2446 386 2594 440 dam-

522 499 697 547 nasse,
738 498 835 551 pro
875 499 938 533 eo
978 482 1217 533 maxime
1258 480 1402 551 quod
1441 480 1508 533 de
1547 481 1754 550 azymis
1794 481 1991 534 audeat
2029 482 2594 535 commemorationem

522 574 825 627 dominicae
863 575 1134 644 passionis
1174 572 1468 626 celebrare.
1544 573 1707 641 Ecce,
1748 576 1952 645 inquit,
1990 576 2209 628 incauta
2245 561 2595 646 reprehensio

520 676 717 735 vestra,
759 686 888 720 ecce
926 687 1035 720 non
1073 667 1218 721 bona
1255 668 1505 739 gloriatio
1544 676 1748 735 vestra,
1797 669 2013 739 quando
2050 671 2254 740 ponitis
2290 670 2348 722 in
2385 668 2598 722 coelum

522 780 580 814 os
617 771 874 830 vestrum,
936 781 1059 815 cum
1099 762 1289 832 lingua
1327 771 1512 815 vestra
1547 749 1818 815 transiens
1874 763 1932 814 in
1968 770 2113 815 terra
2150 762 2401 815 humanis
2440 781 2596 833 argu·

519 854 941 908 mentationibus
1002 864 1056 909 et
1104 856 1437 927 coniecturis
1492 857 1770 926 antiquam
1827 855 1991 908 fidem
2029 855 2318 908 confodere
2368 875 2433 908 ac
2472 843 2593 909 sub·

518 957 731 1002 vertere
764 950 1070 1018 moliatur„
1147 950 1282 1002 Erat
1319 951 1502 1020 itaque
1541 949 1846 1002 inauditum
1896 951 1954 1002 in
1992 949 2227 1002 ecclesia
2264 950 2372 1002 Dei
2411 957 2466 1002 et
2513 951 2619 1019 in&
2680 960 2689 966 ‘

520 1042 797 1111 credibile,
860 1043 1212 1113 apostolicam
1253 1043 1542 1096 ecclesiam
1582 1045 1779 1097 erroris
1838 1044 2095 1115 arguere:
2149 1044 2313 1096 immo
2370 1043 2594 1114 perinde

518 1136 621 1189 hoc
661 1144 776 1189 erat
814 1155 878 1189 ac
915 1136 1080 1191 fidem
1119 1139 1399 1208 antiquam
1426 1137 1716 1190 confodere
1743 1156 1808 1190 ac
1835 1137 2167 1192 subvertere.
2243 1137 2403 1204 Quod
2429 1156 2595 1209 quum

520 1232 785 1301 expositis
818 1231 855 1303 ¹)
916 1249 1174 1285 romanae
1237 1231 1382 1284 sedis
1445 1232 1839 1301 praerogativis
1898 1250 1927 1284 e
1985 1250 2139 1284 sacra
2195 1229 2497 1302 Scripturav
2528 1235 2594 1284 ac
2672 1256 2692 1279 γ·

517 1324 779 1378 Veterum
817 1325 1106 1378 traditione
1146 1325 1415 1396 probavit,
1455 1325 1551 1378 illa
1589 1326 1694 1379 duo
1735 1325 1804 1378 ad
1842 1346 1973 1394 rem,
1998 1344 2105 1397 qua
2130 1325 2197 1378 de
2214 1326 2420 1396 agitur,
2442 1342 2593 1396 spec-

517 1419 690 1471 tantia
730 1418 940 1488 colligit
977 1420 1173 1490 capita,
1214 1437 1352 1490 quae
1380 1418 1542 1490 paulo
1570 1420 1720 1489 prius
1747 1419 2068 1489 deprompta
2091 1418 2324 1488 fuerunt,
2365 1422 2592 1490 quorum

516 1513 686 1582 priori
726 1508 971 1565 excludit
993 1511 1038 1583 ⁹)
1095 1512 1283 1564 iudicii
1339 1513 1549 1565 romani
1607 1512 1676 1565 ab
1733 1512 1840 1565 alio
1881 1506 2275 1566 instituendum
2313 1512 2594 1580 iudicium,

517 1605 687 1659 altero
726 1625 856 1660 vero
896 1605 966 1658 ad
1004 1608 1180 1676 ipsam
1220 1605 1425 1658 Christi
1454 1605 1754 1659 Salvatoris
1793 1607 2188 1674 institutionem
2226 1607 2523 1677 respiciens
2546 1606 2620 1677 ³)'

515 1692 770 1754 romanae
799 1700 943 1754 sedis
982 1700 1244 1753 iudicium
1272 1699 1531 1754 inmobile
1559 1719 1678 1753 esse
1705 1699 1946 1753 declarat
1983 1707 2037 1752 et
2060 1699 2221 1770 plane
2247 1719 2280 1752 a
2305 1695 2452 1754 nullo
2477 1720 2592 1754 mu-

516 1794 756 1847 tandum.
796 1794 955 1849 Unde
985 1815 1145 1867 quam
1172 1814 1360 1849 verum
1390 1804 1486 1863 est,
1528 1795 1673 1865 apud
1697 1794 1961 1848 ecclesiae
1988 1813 2241 1848 romanae
2277 1783 2595 1865 ‘episcopum

518 1900 636 1939 esse
682 1907 992 1958 supremum
1036 1890 1091 1941 in
1138 1907 1323 1953 omnes
1375 1896 1429 1940 et
1480 1907 1642 1958 super
1669 1907 1854 1941 omnes
1880 1888 2163 1942 iudicium:
2215 1906 2377 1959 quam
2402 1891 2592 1943 verum

514 1989 610 2048 est,
652 2001 920 2035 summum
971 1983 1207 2035 iudicem
1257 1983 1492 2036 iudicari
1555 2002 1588 2034 a
1649 1985 1865 2036 nemine
1903 1992 2116 2053 ‘posset
2182 2001 2342 2053 quam
2403 2001 2593 2037 verum

512 2083 594 2128 est
641 2077 850 2128 romani
901 2077 1141 2148 episcopi
1177 2077 1437 2132 iudicium
1476 2077 1545 2130 ab
1585 2077 1832 2130 omnibus
1873 2077 2138 2130 ecclesiae
2179 2077 2430 2134 fidelibus
2469 2095 2591 2130 esse

513 2169 721 2240 absque
761 2172 1212 2242 tergiversatione
1269 2172 1676 2242 accipiendum:
1736 2191 1898 2243 quam
1955 2167 2144 2224 verum
2201 2171 2435 2242 denique
2492 2179 2589 2240 est,

514 2266 835 2318 sententiam
876 2267 1013 2319 citra
1051 2266 1278 2319 dubium
1329 2267 1397 2319 ab
1450 2266 1684 2320 ecclesia
1734 2266 2023 2321 tenendam
2074 2285 2184 2319 non
2221 2283 2381 2336 posse
2420 2266 2591 2318 errori

513 2377 632 2410 esse
673 2357 1000 2427 subiectam3
1040 2368 1149 2413 tam
1189 2380 1376 2413 verum
1403 2369 1499 2428 est,
1541 2357 1717 2413 latum
1737 2380 1769 2412 a
1795 2377 2015 2412 romano
2045 2360 2301 2430 episcopo
2329 2358 2590 2412 iudicium

513 2451 581 2504 ab
621 2454 816 2505 erroris
856 2454 1096 2523 periculo
1139 2473 1305 2525 penes
1345 2454 1596 2524 antiquos
1635 2453 1879 2506 habitum
1917 2454 2085 2506 fuisse
2125 2455 2362 2507 inmune.

684 2546 806 2601 312.
845 2546 917 2599 Et
956 2567 1100 2616 sane7
1142 2549 1408 2618 quomodo
1436 2548 1565 2600 ferri
1590 2556 1774 2618 posset
1801 2566 1865 2599 ac
1891 2547 2145 2615 tollerari,
2186 2556 2246 2599 ut
2270 2549 2328 2599 in
2355 2546 2586 2599 ecclesia

510 2637 618 2691 Dei
657 2639 862 2710 absque
910 2639 1153 2693 ulteriori
1192 2641 1584 2710 disceptatione
1641 2641 1810 2694 veluti
1847 2640 2073 2692 firmum
2109 2649 2162 2692 et
2199 2641 2584 2692 inconcussum

511 2731 818 2801 haberetur,
860 2734 1002 2804 quod
1043 2735 1211 2787 errori
1246 2736 1507 2786 innexum
1547 2743 1601 2787 et
1637 2754 1669 2786 a
1707 2735 1935 2787 veritate
1963 2741 2146 2803 posset
2171 2751 2291 2786 esse
2310 2718 2586 2785 alienum?

511 2825 680 2896 Atqui
719 2826 1167 2897 disceptationem
1206 2827 1519 2880 ulteriorem
1572 2835 1681 2879 tam
1721 2846 1753 2878 a
1790 2826 2140 2879 conciliorum
2179 2824 2583 2878 definitionibus

513 2937 674 2988 quam
723 2939 754 2970 a
804 2921 1013 2972 romani
1069 2920 1339 2991 pontificis
1392 2920 1757 2972 declaratione
1816 2919 2096 2971 exclusam
2153 2918 2325 2971 voluit
2364 2917 2586 2990 Sergius

510 3014 810 3082 cypriensis
835 3013 879 3085 ⁴)
937 3016 993 3067 in
1045 3017 1390 3085 suggestione
1441 3014 1621 3067 oblata
1658 3014 1942 3078 Theodoro
1992 3033 2166 3085 papae
2222 3012 2487 3085 lectaque*
2524 3014 2580 3073 in

508 3105 838 3159 lateranensi
912 3107 1142 3160 concilio
1169 3148 1182 3175 ‚
1265 3107 1479 3178 quando
1541 3107 1840 3159 beatissimi
1902 3125 2077 3177 papae
2131 3106 2332 3159 Leonis
2387 3106 2605 3173 doctri-f

507 3219 631 3252 nam
690 3193 970 3254 confessus
1010 3201 1217 3254 subdit:
1279 3201 1714 3272 „Multiloquium
1770 3211 1951 3254 autem
2002 3209 2056 3253 et
2105 3192 2582 3259 contradictionem

509 3294 938 3348 adversariorum
979 3314 1087 3348 non
1145 3295 1480 3349 admittimus
1509 3335 1520 3347 .
1550 3337 1562 3348 .
1593 3337 1604 3348 .
1668 3314 1776 3347 non
1833 3303 1915 3347 est
1953 3296 2124 3363 enim,
2183 3312 2291 3347 non
2341 3301 2423 3346 est
2458 3292 2579 3346 Deo
2657 3316 2689 3321 ⁴>

684 3509 717 3563 ¹)
748 3510 859 3552 Ibid.
893 3523 930 3553 c.
964 3508 1003 3553 7.
1036 3509 1088 3550 de
1122 3510 1279 3563 quibus
1310 3509 1409 3550 vide
1442 3509 1500 3550 sis
1533 3509 1748 3563 superius,

666 3569 718 3635 '2)
750 3581 863 3625 Ibid.
897 3596 933 3623 ο.
968 3581 1039 3624 11.

682 3652 700 3678 ⁸
748 3655 859 3694 Ibid.
893 3668 931 3697 c.
963 3651 1036 3698 32·

683 3655 718 3771 *ξ
748 3726 868 3766 Inter
898 3726 1066 3766 oblatas
1097 3726 1344 3777 relationes,
1377 3739 1486 3779 quas
1516 3725 1731 3766 Martinus
1751 3724 1788 3768 Ι.
1821 3725 1910 3779 legi
1939 3724 2079 3765 voluit
2107 3724 2154 3764 in
2183 3725 2386 3765 secretam
2414 3719 2472 3764 II.
2503 3732 2572 3774 ap.

507 3797 721 3838 Harduin.
752 3802 784 3840 t.
817 3798 898 3841 111.
931 3811 1014 3850 PP.
1046 3795 1145 3841 729,
1178 3811 1243 3851 sq.
1268 3795 1601 3853 ΒΙακρηγορίαν
1633 3785 1714 3838 οὖν
1745 3796 1821 3836 καὶ
1853 3792 2132 3851 ἄντιῤῥήσεις
2158 3792 2247 3835 τῶν
2278 3789 2485 3833 ἐναντίων
2516 3805 2575 3843 οι,

509 3869 766 3923 προιέμεθα
786 3902 797 3913 .
832 3899 841 3909 .
877 3901 886 3911 .
923 3865 1002 3910 οὐκ
1036 3870 1128 3909 ἔστι
1159 3866 1260 3925 γάρ,
1295 3864 1375 3909 οὔκ
1410 3871 1503 3909 ἔστι
1536 3868 1792 3925 θεοπρεπὲς
1825 3864 1934 3909 οὐδὲ
1965 3866 2144 3907 δίκαιον
2173 3865 2464 3919 προκειμένης
2491 3863 2573 3918 τῆς·

509 3938 644 3995 λύμης
673 3940 761 3981 τῶν
793 3940 1001 3997 αἱρέσεων
1033 3941 1108 3982 καὶ
1139 3938 1445 3990 ἀναθεμάτων
1475 3939 1749 3994 βλασφήμων
1781 3939 2140 3996 ἐγγεγραμμένων
2170 3938 2455 3987 λογομαχεῖν.
