2716 4446
1065 167 1414 232 -213—

201 312 450 370 coelestis
488 318 658 387 regni
684 316 1019 388 clavigerum
1041 317 1277 394 creavit,
1332 317 1424 388 qui
1474 314 1574 369 tibi
1611 313 1953 386 ligandorum
1994 310 2278 367 solvendo·

198 427 427 480 rumque
465 417 814 480 peccatorum
852 419 1179 481 potestatem
1218 410 1383 479 dedit,
1425 428 1586 482 quem
1624 416 1684 462 tu
1722 408 1906 463 divino
1944 425 2037 462 ore
2075 405 2278 460 Filium

144 565 148 569 .
199 504 308 558 Dei
346 505 460 558 vivi
499 522 628 557 vere
668 504 1047 574 praedicasti„
1100 505 1175 559 At
1213 524 1342 559 vcro

374 598 420 654 1.
461 597 915 669 quemadmodum
949 599 1095 674 ‘heic
1149 600 1276 653 data
1334 619 1515 671 opera,
1556 606 1615 652 ut
1653 600 1821 667 aiunt,
1861 597 2010 651 Petri
2049 597 2278 667 eiusque
2294 607 2624 687 Adafei'zfffifr‘m

199 709 573 745 successorum
624 691 887 746 adversus
939 691 1068 745 fidei
1115 692 1299 746 hostes
1351 691 1739 764 insuperabilis
1780 691 2085 745 constantia
2124 689 2276 742 effer-

195 792 312 854 tur3
351 786 429 838 ita
1388 784 1393 788 ’

367 880 416 935 2.
475 880 744 933 invariata
801 881 917 934 eius
973 880 1031 933 in
1086 880 1440 951 proponenda
1496 881 1602 935 fide
1660 881 1861 935 veritas
1913 879 2277 951 significatur3

152 968 163 975 “
193 972 358 1044 idque

368 1069 416 1123 3.
456 1088 565 1123 non
618 1072 752 1123 citra
808 1069 1152 1123 manifestam
1210 1069 1533 1123 allusionem
1591 1068 1660 1121 ad
1719 1076 1972 1121 enarrata
2029 1067 2310 1140 superiusx

128 1204 131 1211 .
193 1162 362 1216 verba
399 1163 600 1233 Lucae,
657 1165 854 1236 quibus
914 1163 1164 1218 Christus
1203 1165 1261 1218 vi
1301 1183 1429 1217 suae
1471 1163 1728 1216 orationis
1780 1162 1942 1215 Petro
1981 1163 2037 1214 in
2076 1160 2276 1214 cribra-

193 1257 430 1312 tionibus
468 1266 687 1313 satanae
726 1246 1036 1314 firmitatem
1074 1259 1342 1331 promisit,
1394 1277 1559 1330 quam
1615 1276 1829 1311 rursum
1869 1255 2125 1310 fratribus
2165 1256 2276 1308 suis

193 1370 365 1423 aeque
404 1352 1092 1408 cribrandis'communem
1131 1354 1313 1432 facere
1353 1352 1594 1406 deberet.

363 1463 488 1517 232.
530 1462 684 1530 Quae
744 1465 790 1517 si
847 1463 916 1517 ad
953 1483 1068 1518 rem
1106 1463 1528 1517 desiderandum
1566 1461 1702 1516 nihil
1738 1461 2068 1533 relinquunt,
2108 1468 2169 1514 ut
2206 1459 2272 1513 de
2290 1463 2448 1496 &hi-'ma
2463 1464 2635 1499 ⁰⁶⁰⁷·1'0m·

190 1557 430 1628 genuina
468 1557 810 1612 orientalium
866 1566 1047 1613 mente
1104 1558 1208 1612 hac
1263 1559 1321 1611 in
1378 1577 1545 1620 causa
1583 1575 1681 1629 pro
1723 1575 1789 1610 ea
1827 1562 2037 1610 constet
2076 1563 2271 1622 aetate,

191 1671 330 1724 quae
371 1652 606 1707 schisma
634 1652 844 1721 ,ἀμέσως
889 1655 1220 1725 praevertit3
1269 1652 1407 1706 nihil
1456 1651 1700 1723 profecto
1749 1652 1901 1723 exigi
1938 1649 2273 1722 praeclarius

188 1745 303 1800 illis
340 1753 534 1818 potest,
576 1765 714 1819 quae
755 1748 851 1800 vix
889 1754 1081 1819 coepto
1122 1747 1412 1800 schismate
1475 1745 1745 1816 „Basilius
1783 1745 1998 1817 legatus
2038 1746 2270 1816 impera-

187 1840 321 1893 toris
358 1841 544 1911 graeci
582 1848 637 1894 et
673 1841 914 1895 «Ioannes
953 1840 1298 1913 metropolita
1348 1839 1765 1912 Cappadociae„
1827 1858 2010 1893 coram
2047 1857 2272 1892 romana
2322 1854 2585 1898 Graecileqata‘.

190 1933 397 2005 synodo
439 1934 731 2004 „concordi
770 1953 905 1988 voce
921 1935 960 2005 ¹)
999 1935 1218 1994 dixere:
1257 1935 1659 1989 Devotissimus
1697 1933 1841 1987 filius
1881 1940 2064 1987 vester
2099 1933 2267 2004 ἰωρθ·

189 2036 337 2081 rator
390 2015 630 2082 Basilius
688 2036 741 2082 et
794 2029 1104 2101 patriarcha
1160 2048 1386 2084 munere
1442 2037 1624 2108 vestro
1681 2029 1964 2082 restitutus
2001 2027 2267 2098 Ignatius,

191 2121 319 2175 dum
358 2122 593 2176 ecclesia
627 2123 1215 2195 constantinopolitana
1251 2142 1350 2195 per
1387 2124 1757 2178 interventum
1794 2125 2105 2177 invasorem
2131 2121 2630 2207 Pho-effiggwnffiggn

188 2218 324 2270 tium
361 2217 705 2289 propulisset,
735 2218 791 2271 in
820 2217 1042 2273 archivo
1070 2219 1186 2272 eius
1213 2217 1411 2272 librum
1439 2237 1648 2272 summa
1674 2217 1910 2272 falsitate
1950 2225 2270 2288 congestum
2388 2217 2535 2252 meno„

188 2318 376 2364 contra
413 2312 694 2382 ingenium
734 2321 956 2366 sanctae
994 2331 1251 2366 romanae
1310 2312 1580 2367 ecclesiae
1620 2296 2059 2384 sanctissimique
2093 2330 2269 2383 papae

187 2403 399 2458 Nicolai
419 2423 688 2476 reperere.
711 2405 888 2473 Quem
908 2405 1192 2476 bullatum,
1217 2408 1375 2478 quasi
1393 2426 1523 2462 vere
1551 2408 1928 2478 contagiosum
1952 2427 1984 2460 a
2011 2426 2109 2460 sua
2133 2405 2268 2459 urbe

186 2502 404 2571 penitus
428 2500 744 2572 propulere,
763 2500 1031 2573 vobisque
1052 2509 1241 2573 utpote
1269 2520 1478 2555 summo
1506 2501 1688 2573 capiti,
1718 2502 1807 2555 cui
1836 2494 2086 2555 Christus
2114 2499 2266 2554 coelo
2303 2539 2314 2550 .

185 2605 439 2667 terraque
481 2595 730 2650 solvendi
768 2603 930 2668 atque
969 2595 1176 2667 ligandi
1205 2604 1539 2668 ‘potestatem
1576 2595 1782 2666 tribuit,
1834 2596 2048 2650 misere,
2091 2594 2267 2661 Quem

187 2707 474 2760 precamur
511 2690 875 2761 suscipientes
914 2691 1187 2743 rimamini
1227 2698 1280 2743 et
1305 2690 1742 2760 fraudulentiam,
1773 2709 1936 2761 quam
1960 2689 2266 2744 insontibus

187 2783 786 2855 constantinopolitanis
805 2793 990 2838 noster
1022 2784 1330 2855 versipellis
1369 2784 1595 2838 Photius'
1633 2784 1835 2837 inferre
1873 2785 2062 2855 potuit,
2104 2803 2175 2836 ex
2201 2803 2264 2838 eo

187 2879 333 2951 quod
370 2880 427 2932 in
463 2877 605 2931 hanc
631 2888 873 2933 sanctam
910 2898 1187 2933 romanam
1215 2879 1504 2934 ecclesiam
1529 2899 1638 2933 non
1663 2879 1955 2933 habentem
1995 2879 2264 2933 maculam

184 2993 364 3046 neque
413 2963 606 3045 rugam
660 2981 754 3028 aut
809 2973 1017 3045 aliquid
1065 2974 1391 3043 huiusmodi,
1445 2973 1707 3028 audacem
1745 2973 1989 3045 linguam
2028 2974 2261 3042 exacuit,

149 3052 152 3053 ⁷
185 3087 406 3139 prorsus
445 3069 740 3122 advertite:
781 3076 835 3122 et
861 3069 994 3141 quid
1032 3067 1298 3122 ecclesiae
1337 3069 1447 3123 Dei
1469 3069 1538 3123 de
1564 3069 1667 3122 hoc
1704 3068 1989 3123 latrocinio
2031 3070 2102 3122 sit
2140 3086 2259 3120 sen-

181 3163 441 3232 tiendum,
494 3156 642 3235 quod
692 3163 792 3217 sub
838 3165 1056 3218 nomine
1110 3165 1304 3236 synodi
1347 3165 1532 3218 furtim
1577 3163 1646 3217 ab
1698 3183 1761 3218 eo
1807 3163 2114 3218 confectum
2157 3170 2254 3230 est,
2288 3170 2605 3248 ssffffirgfflfflffi

184 3256 365 3327 palam
422 3257 671 3312 omnibus
728 3257 1116 3329 promulgate„
1197 3255 1307 3311 Sed
1355 3257 1491 3312 haec
1553 3257 1989 3329 complectuntur
2042 3263 2260 3328 praeter

184 3369 441 3405 romanae
481 3354 626 3406 sedis
664 3353 948 3421 vindicias,
988 3359 1206 3423 praeter
1242 3352 1623 3423 photianorum
1663 3351 2170 3406 condemnationem
2208 3359 2262 3405 et

187 3445 481 3499 eorundem
520 3445 791 3499 adhibitas
829 3446 1046 3500 fraudes
1064 3447 1109 3519 2)
1161 3455 1281 3500 tum
1312 3446 1571 3500 disertam
1622 3445 1689 3499 de
1740 3446 1949 3500 romani
1987 3445 2260 3516 pontificis

185 3540 420 3609 primatu
460 3541 783 3594 sententiam
820 3547 934 3593 tum
973 3540 1229 3615 disertam
1268 3540 1336 3594 de
1375 3559 1631 3594 romanae
1667 3539 1933 3593 ecclesiae
1970 3539 2084 3610 iugi
2122 3540 2257 3592 inte-

185 3635 381 3705 gritate
420 3634 868 3690 declarationem:
927 3648 1066 3706 quae
1124 3635 1305 3689 omnia
1361 3654 1424 3689 eo
1477 3634 1729 3688 facienda
1766 3634 2003 3702 maioriS,
2043 3633 2189 3705 quod
2227 3653 2260 3687 a

288 3837 293 3840 ’
361 3827 395 3884 ¹)
426 3828 544 3871 Vide
570 3841 641 3882 ap.
673 3826 878 3870 Anastas.
907 3824 1104 3868 biblioth.
1139 3824 1192 3867 de
1213 3826 1291 3869 vit.
1315 3838 1422 3866 rom.
1448 3828 1569 3879 pont.
1593 3823 1751 3866 CVIII.
1772 3823 1985 3868 Hadrian.
2008 3824 2064 3866 11.
2091 3837 2133 3878 p.
2155 3821 2256 3868 227.

360 3898 396 3956 ²)
427 3899 546 3942 Inter
586 3899 664 3941 has
706 3898 981 3940 adnotandus
1020 3897 1133 3940 liber
1162 3898 1268 3952 ipsis
1302 3896 1793 3953 constantinopolitanis·
1815 3896 1971 3952 legatis
2003 3896 2255 3942 auctoribus

185 3973 412 4030 pessimus,
445 3985 472 4015 a
501 3972 726 4016 Photianis
773 3974 923 4015 contra
969 3970 1115 4014 sedem
1161 3982 1385 4012 romanam
1417 3969 1703 4024 conscriptus.
