2716 4446
910 150 1311 208 -149—

73 324 244 391 gistri,
282 321 681 386 clarissimaque
713 318 810 394 illa,
843 315 1030 385 populi
1069 312 1346 367 christiani
1385 311 1596 377 lumina,
1638 325 1772 378 quos
1813 310 2002 362 merita
2039 308 2153 361 vir-

73 424 239 471 tutum
279 431 491 468 suarum
531 427 698 478 usque
737 409 805 462 ad
847 407 1198 463 confessionis
1238 406 1654 474 gloriosissimas
1691 405 1899 472 palmas
1932 410 1986 456 et
2012 419 2154 455 mar-

74 512 200 580 tyrii
247 511 514 577 fulgentes
563 503 804 556 extulere
854 517 1103 567 coronaS,
1162 500 1230 553 ad
1280 500 1422 552 illam
1468 499 1650 551 sedem
1704 514 1861 565 quam
1901 498 2154 566 princeps

75 604 459 675 Apostolorum
498 596 716 651 sederat
742 597 952 662 PetruS,
994 596 1074 648 sui
1107 594 1397 647 sacerdotii
1432 599 1640 661 sumpta
1669 592 1934 661 principia
1960 591 2155 659 repleti

77 696 277 750 Christi
315 694 537 748 caritate
573 691 864 756 mittebant,
906 706 1035 741 suae
1069 688 1193 741 inde
1233 688 1525 740 soliditatis
1565 686 1886 754 gravissima
1932 685 2156 738 firmita-

77 792 144 844 tis
182 791 558 843 roboramenta
594 787 896 852 poscentes
972 779 1043 834 Ut
1083 799 1181 850 per
1221 782 1360 835 hanc
1400 782 1637 850 speciem
1690 782 1955 835 omnibus·
1985 798 2156 849 appa-

78 892 211 953 reat,
249 899 379 936 vere
418 895 572 934 unam
612 893 732 929 esse
777 893 877 944 per
929 877 1105 928 omnia
1153 882 1209 928 et
1259 876 1682 928 indissolubilem
1722 874 1923 928 Christi
1976 876 2155 929 eccle-

80 981 225 1045 siam,
283 991 420 1044 quae
472 970 793 1026 concordiae
841 969 1056 1021 vinculo
1097 969 1442 1035 mirabilique
1482 969 1719 1021 caritatis
1757 975 1971 1022 textura
2010 985 2158 1022 com-

80 1072 271 1142 posita,
311 1067 427 1120 sola
465 1070 519 1117 et
547 1063 776 1116 indivisa
808 1059 826 1092 1
866 1080 965 1131 per
993 1068 1158 1114 totum
1185 1061 1561 1114 ostenderetur
1588 1077 1710 1113 esse
1736 1063 1916 1115 tunica
1940 1061 2157 1131 Christi,
2182 1080 2524 1142 Vetus-taeschis-

83 1179 236 1233 quam
293 1175 393 1212 nec
441 1158 632 1210 milites
679 1157 783 1225 ipsi
833 1157 921 1223 qui
958 1155 1240 1208 Dominum
1281 1154 1693 1222 crucifixerunt,
1749 1155 1993 1209 dividere
2042 1157 2159 1209 ausi
2199 1133 2518 1168 ”²⁰⁸²⁸''⁰‘¹²⁶‘⁸'

78 1257 315 1310 fuissent.
390 1250 538 1315 Quae
576 1266 716 1303 nunc
754 1251 799 1302 si
835 1257 1061 1319 propter
1089 1247 1112 1281 2
1149 1249 1432 1318 perfidiam
1469 1249 1634 1316 Petri,
1684 1247 1877 1302 Acacii
1915 1251 2157 1318 tyranni-

79 1356 195 1404 cam
247 1347 552 1416 superbiam
599 1347 921 1415 impiamque
972 1344 1462 1414 praesumptionem
1517 1343 1651 1412 ejuS,
1707 1343 1942 1396 violatur
1998 1349 2158 1411 atque

79 1441 468 1509 conscinditur;
520 1441 701 1494 videte
750 1447 805 1492 et
842 1440 1114 1509 sapienter
1152 1437 1458 1507 expendite,
1514 1438 1566 1490 in
1607 1454 1763 1505 quam
1804 1455 1976 1506 grave
2012 1438 2161 1507 peri-

77 1537 250 1590 culum
303 1542 488 1588 nostra
534 1535 816 1588 deducitur
864 1533 1209 1599 conscientia,
1266 1532 1389 1602 dum
1439 1538 1589 1584 tanta
1628 1531 1892 1601 maiorum
1931 1532 2162 1584 solvitur

47 1629 468 1698 observantia„
548 1627 701 1692 Quod
742 1627 954 1695 quidem
993 1627 1346 1679 testimonium
1387 1642 1546 1693 quum
1585 1627 1829 1679 omnibus
1858 1626 2024 1679 titulis
2048 1626 2162 1678 exi-

79 1723 236 1776 mium
277 1723 360 1790 sit,
401 1728 507 1775 tum
542 1727 836 1791 propterea
873 1721 1082 1789 insigne
1122 1727 1220 1787 est,
1261 1720 1403 1788 quod
1442 1736 1548 1774 non
1590 1719 1756 1773 semel
1794 1719 1863 1773 ad
1903 1720 2165 1787 gravissi-

80 1834 218 1872 mum
257 1817 465 1872 nicaeni
492 1816 718 1871 concilii
754 1815 1065 1884 suffragium
1106 1817 1359 1885 appellet.

229 1961 346 2017 177.
384 1961 584 2025 Quibus
625 1962 920 2031 Gregorius
959 1962 1032 2014 M.
1073 1960 1229 2031 cujus
1269 1976 1463 2014 nomen
1494 1961 1622 2031 jure
1662 1962 1853 2015 merito
1901 1961 2046 2030 apud
2082 1963 2417 2030 ip-areym·1us
2444 1981 2503 2016 M.

82 2072 173 2109 sos
212 2071 441 2125 graecos
479 2055 694 2108 maximi
727 2072 942 2124 semper
965 2055 1130 2110 fiebat
1153 2055 1279 2108 addi
1307 2062 1557 2108 meretur.
1633 2056 1685 2109 Is
1712 2062 1888 2109 autem
1915 2055 1986 2108 ad
2009 2055 2166 2109 Mau-

83 2151 256 2203 ritium
283 2149 586 2217 Augustum
614 2150 682 2202 de
715 2150 1035 2203 excellentia
1074 2165 1328 2203 romanae
1367 2149 1633 2204 ecclesiae
1672 2150 1915 2203 scribens
1947 2146 1970 2182 3
2009 2167 2040 2202 e
2079 2165 2168 2202 sa-

85 2246 191 2297 cris
222 2243 413 2297 litteris
450 2244 525 2296 ita
564 2243 794 2311 colligit:
838 2240 1091 2311 „Cunctis
1125 2259 1260 2312 ergo
1299 2244 1641 2312 evangelium
1667 2244 1959 2297 scientibus
1986 2244 2169 2312 liquet,

86 2337 228 2406 quod
272 2353 409 2391 voce
448 2337 712 2391 dominica
761 2343 949 2390 sancto
998 2344 1052 2390 et
1106 2339 1335 2391 omnium
1373 2336 1767 2407 Apostolorum
1806 2339 1970 2407 Petro
2020 2339 2170 2407 prin-

86 2431 191 2500 cipi
222 2429 492 2500 Apostolo
532 2434 692 2485 totius
731 2432 995 2485 ecclesiae
1035 2447 1164 2485 cura
1203 2434 1484 2485 commissa
1523 2438 1621 2485 est.
1697 2431 1811 2501 Ipsi
1853 2433 2052 2502 quippe
2090 2432 2171 2484 di-

87 2525 247 2577 citur:
297 2524 378 2577 Tu
417 2541 476 2577 es
515 2526 706 2578 Petrus
745 2565 758 2578 .
797 2566 807 2577 .
849 2566 859 2578 .
900 2532 954 2578 et
1000 2526 1094 2579 tibi
1133 2525 1274 2579 dabo
1315 2527 1500 2580 claves
1538 2529 1696 2597 regni
1734 2529 2011 2582 coelorum
2052 2569 2064 2582 .
2107 2569 2117 2580 .
2159 2568 2171 2581 .

86 2616 231 2671 Ecce
265 2618 450 2672 claves
480 2618 635 2686 regni
674 2617 927 2671 coelestis
966 2619 1178 2688 accipit,
1212 2626 1458 2688 potestas
1497 2621 1547 2674 ei
1585 2620 1794 2689 ligandi
1833 2626 1888 2673 et
1925 2619 2174 2673 solvendi

87 2711 348 2781 tribuitur,
387 2729 517 2766 cura
551 2713 599 2765 ei
638 2713 801 2765 totius
832 2713 1101 2766 ecclesiae
1140 2719 1194 2765 et
1220 2714 1564 2784 'principatus
1605 2716 1998 2784 committitur.„

237 2869 352 2924 178.
395 2868 482 2923 Ab
519 2871 622 2925 hac
659 2887 824 2941 porro
863 2863 1142 2926 illustrium
1176 2873 1659 2942 praedecessorum
1686 2890 1902 2928 suorum
1930 2873 2175 2928 doctrina

90 2962 293 3015 obortis
317 2962 564 3015 'dissidiis
597 2966 801 3017 romani
838 2967 1117 3035 praesules
1156 2982 1261 3020 non
1299 2975 1656 3022 recesserunt.
1733 2967 1878 3021 Satis
1910 2974 1993 3022 est
2031 2969 2176 3021 cele-

91 3055 441 3109 berrimorum
480 3057 700 3110 duorum
742 3061 1010 3128 allegasse
1045 3062 1353 3114 sententias.
1417 3060 1577 3115 Alter
1605 3068 1687 3115 est
1714 3062 2012 3130 Gregorius
2037 3061 2173 3130 V11.,
2192 3088 2425 3135 areyorius
2444 3085 2538 3124 vn,

97 3149 186 3215 qui
225 3149 292 3200 de
328 3150 471 3202 sedis
511 3167 766 3204 romanae
806 3154 859 3204 in
898 3169 1082 3206 omnes
1121 3157 1441 3209 auctoritate
1480 3175 1549 3209 ex
1576 3155 1873 3226 Scripturis
1901 3156 2174 3209 Traditio-

94 3258 267 3308 neque
298 3244 373 3296 ita
400 3240 423 3273 ⁴
462 3244 704 3298 disserit:
748 3247 932 3315 „Nam,
971 3253 1026 3299 ut
1066 3249 1134 3300 de
1173 3249 1348 3301 multis
1381 3266 1557 3317 pauca
1582 3251 1837 3320 dicamus,
1876 3251 1993 3318 quis
2018 3251 2176 3318 igno-

97 3340 181 3395 rat
217 3350 406 3387 vocem
447 3338 652 3390 Domini
692 3355 756 3391 ac
794 3337 1100 3392 Salvatoris
1139 3343 1309 3395 nostri
1347 3342 1481 3396 Jesu
1514 3342 1713 3397 Christi
1752 3344 1979 3398 dicentis
2010 3339 2057 3395 5:
2099 3342 2178 3395 Tu

1550 3520 1582 3543 fi

221 3604 234 3632 ¹
265 3605 371 3648 Joh.
404 3605 520 3653 XIX.
551 3606 609 3648 23
641 3619 709 3662 sq.

223 3677 239 3705 ²
269 3678 599 3722 Animadverte
631 3682 842 3723 vetustas
873 3680 1169 3725 schismatum
1199 3683 1394 3727 radices.

221 3750 239 3779 ³
269 3748 338 3796 cf.
372 3750 402 3794 l.
435 3753 488 3800 V.
523 3765 593 3808 ep.
626 3753 697 3795 20.

216 3823 236 3852 4
268 3824 339 3868 Ad
370 3824 634 3868 Herimann.
667 3829 878 3870 mettens.
910 3840 1014 3884 epp.
1049 3828 1076 3870 I.
1112 3829 1223 3872 VIII.
1257 3843 1328 3887 ep.
1360 3833 1431 3875 21.
1465 3844 1538 3889 ap.
1571 3831 1718 3877 Mansi
1759 3833 1868 3879 coll.
1911 3846 2040 3880 conc.
2072 3839 2182 3881 tom.

104 3896 202 3941 XX.
233 3910 310 3954 pp.
341 3899 425 3941 331
460 3912 555 3954 sqq.

219 3970 239 3999 ⁵
269 3970 430 4015 Mattu
462 3972 580 4018 XVI.
616 3973 669 4015 18
702 3985 769 4028 sq.
