2716 4446
1397 156 1748 219 ...480-

172 308 517 390 Emaeffi‘ggssff‘m·
705 295 829 352 495.
867 296 1160 353 Enimvero
1199 297 1336 354 haec
1375 308 1458 354 est
1494 302 1638 356 iusta
1674 310 1728 356 et
1765 320 1942 374 aequa
1977 302 2114 358 recti
2153 303 2356 358 ordinis
2392 303 2602 378 regula,

532 399 592 444 ut
629 390 900 460 inferiora,
940 391 1191 462 humana,
1234 396 1511 448 terrestria
1549 397 1814 467 superniS,
1873 396 2090 466 divinis,
2132 397 2460 452 coelestibus
2494 417 2606 453 non
2663 442 2670 451 .

533 494 900 555 opponantur3
942 486 1037 539 sed
1063 496 1123 540 ut
1148 486 1243 540 illa
1263 488 1332 541 ad
1357 488 1494 541 haec
1516 508 1612 543 suo
1640 491 1999 561 proportionis
2021 490 2210 544 habitu
2237 491 2607 562 disponantur.

531 577 690 631 Unde
742 577 944 649 duplex
993 580 1260 633 rectitudo
1299 580 1591 652 flagitatur,
1632 590 1747 636 tum
1784 585 2030 638 veritatis
2068 591 2183 638 tum
2221 585 2606 641 ordinationis:

530 670 624 724 illa
663 680 746 725 est
784 671 1082 726 excludens
1122 683 1176 727 et
1212 694 1421 746 negans
1461 678 1658 730 erroris
1709 696 1774 730 ac
1811 679 1931 731 vitii
1970 679 2205 749 oppositi
2243 658 2358 732 sive
2395 679 2607 734 theore-

528 766 652 819 ticis
709 767 824 819 sive
881 769 1137 837 practicis
1189 768 1470 839 religionis
1510 770 1839 836 christianae
1878 772 2175 841 institutis;
2231 755 2367 826 haec
2423 780 2603 830 autem

530 860 764 931 positiva
814 869 898 914 est
948 869 1002 914 et
1051 849 1344 916 adfirmans
1395 864 1570 917 lineae
1630 884 1694 918 ac
1733 865 2062 935 directionis,
2103 885 2212 939 qua
2261 874 2406 920 totus
2444 860 2646 923 homos

529 953 873 1026 humanaque
901 956 1082 1008 omnia
1114 956 1182 1009 ad
1204 955 1481 1011 Christum
1503 957 1848 1025 θεάνθρωπον
1874 959 2332 1032 christianamque
2359 961 2605 1032 regulam
2681 984 2686 1023 j

531 1066 595 1100 ac
633 1048 808 1119 legem
851 1049 1182 1106 ordinantur.
1258 1053 1430 1124 Atqui
1469 1053 1547 1106 uti
1586 1054 1735 1124 prior
1771 1053 1867 1107 illa
1902 1055 2170 1110 rectitudo
2210 1055 2281 1108 ad
2316 1043 2611 1110 infallibile‘
2683 1106 2686 1110 Α

529 1144 739 1195 romani
789 1143 1026 1198 doctoris
1066 1145 1302 1199 officium
1356 1155 1594 1218 spectat:
1634 1149 1712 1200 ita
1748 1147 1886 1201 haec
1924 1147 2094 1202 altera
2131 1149 2200 1202 ad
2238 1149 2606 1204 authenticum

529 1239 737 1292 romani
786 1240 1021 1312 pastoris
1072 1241 1309 1295 maxime
1361 1260 1556 1295 munus
1607 1241 1853 1296 refertur.
1893 1241 2054 1297 Unde
2091 1241 2226 1297 illud
2263 1243 2614 1317 praeclarum

528 1582 599 1619 tur
629 1591 760 1633 quam
791 1591 892 1619 cum
922 1592 975 1619 ea
1005 1591 1118 1632 quae
1149 1579 1373 1643 diligenda
1402 1583 1505 1621 sunt
1534 1554 1791 1634 diliguntur,
1821 1579 1905 1620 hoc
1935 1553 2013 1620 est·
2030 1580 2152 1622 Deus
2182 1583 2226 1622 et
2253 1582 2501 1635 proximus:
2531 1581 2604 1624 hic

475 1654 478 1657 ’
527 1651 673 1706 logica
704 1653 912 1706 quoniam
941 1654 1104 1694 veritas
1134 1653 1371 1707 lumenque
1415 1654 1587 1694 animae
1617 1652 1843 1694 rationalis
1873 1653 2048 1706 nonnisi
2077 1653 2199 1695 Deus
2236 1652 2327 1710 e‘st3
2372 1653 2444 1695 hic
2474 1655 2606 1697 etiam

527 1724 761 1765 laudabilis
792 1725 1063 1779 reipublicae
1110 1725 1242 1777 salus,
1288 1738 1433 1779 neque
1478 1725 1594 1765 enim
1640 1723 1858 1772 conditur..
1900 1728 1944 1765 et
1984 1724 2229 1766 custoditur
2257 1726 2419 1780 optime
2450 1727 2606 1769 civitas

527 1798 613 1839 nisi
643 1798 927 1839 fundamento
958 1803 1001 1839 et
1031 1798 1208 1839 vinculo
1238 1798 1341 1839 fidei
1371 1797 1608 1851 firmaeque
1640 1796 1913 1849 concordiae,
1956 1810 2055 1838 cum
2085 1797 2250 1838 bonum
2280 1811 2510 1842 commune
2540 1800 2604 1842 di·
2683 1814 2686 1817 ’

528 1869 678 1924 ligitur
711 1869 828 1923 quod
858 1883 1076 1910 summum
1106 1883 1159 1911 ac
1189 1871 1465 1912 verissimum
1497 1870 1619 1911 Deus
1650 1874 1728 1921 est,
1760 1873 1892 1923 atque
1922 1869 2065 1910 inille
2095 1870 2285 1911 invicem
2315 1871 2606 1914 sincerissime
2642 1908 2650 1915 .

530 1956 577 1983 se
609 1942 797 1996 diligunt
826 1941 1024 1983 homines
1057 1955 1156 1983 cum
1186 1946 1364 1996 propter
1393 1941 1518 1982 illum
1549 1955 1595 1982 se
1627 1941 1815 1996 diligunt
1845 1942 1916 1982 cui
1939 1954 2024 1994 quo
2055 1942 2199 1982 animo
2229 1942 2428 1997 diligant,
2459 1935 2604 1985 occul*-

170 2015 379 2067 Cathozzjcum
407 2019 514 2048 scien·
531 2019 624 2056 tare
655 2028 744 2056 non
774 2019 999 2069 possunt„
1032 2015 1157 2056 Haec
1189 2019 1256 2056 est
1287 2014 1523 2056 christiana
1554 2014 1834 2055 scientiarum
1866 2014 2176 2068 contemplatio
2206 2027 2259 2055 ac
2277 2013 2430 2068 forma,
2461 2015 2606 2070 dispo-
2655 2015 2662 2022 ⁴

237 2061 455 2158 affixa,
530 2089 630 2129 sitio
662 2092 705 2129 et
734 2090 892 2140 unitas,
937 2101 959 2128 e
1003 2101 1102 2142 qua,
1141 2088 1205 2128 uti
1245 2099 1324 2129 suo
1357 2088 1557 2141 superius
1598 2086 1697 2127 loco
1729 2087 1975 2141 expositum
2005 2091 2093 2139 est,
2124 2088 2405 2128 scientiarum
2424 2087 2607 2135 ,ordina-

528 2161 698 2202 tissima
729 2160 1069 2214 encyclopaedia
1114 2160 1362 2212 efflorescit,
1411 2173 1522 2214 quae
1569 2161 1615 2201 111
1660 2160 1942 2214 generalibuS
1987 2158 2229 2200 studiorum
2275 2159 2471 2213 collegiis
2516 2160 2609 2201 sive

529 2230 812 2274 scientiarum
842 2233 1202 2274 universitatibus
1234 2225 1433 2274 docenda
1461 2232 1762 2286 tradendaque
1793 2237 1873 2275 est.
1919 2231 2045 2272 Illam
2086 2232 2235 2285 itaque
2275 2230 2407 2272 fixam
2437 2231 2520 2273 sibi
2551 2231 2608 2273 ob

530 2306 681 2347 oculos
710 2318 879 2360 ponens
910 2318 1140 2359 supremus
1171 2307 1218 2346 in
1249 2306 1457 2346 societate
1489 2305 1727 2346 christiana
1757 2305 1909 2346 doctor
1939 2318 1992 2346 ac
2022 2305 2241 2358 magister,
2281 2303 2374 2345 Leo
2402 2315 2608 2344 romanus

529 2378 741 2432 pontifex,
772 2378 830 2419 ad
860 2377 1145 2419 ordinandam
1178 2378 1420 2420 studiorum
1451 2379 1497 2419 in
1528 2379 1814 2419 scieitiarum
1859 2376 2216 2419 universitatibus
2248 2374 2499 2417 methodum
2528 2387 2610 2430 pro

530 2451 620 2491 suis
650 2454 742 2491 tum
787 2451 996 2504 temporis
1043 2450 1260 2491 adiunctis
1313 2451 1521 2491 accessit:
1568 2450 1701 2504 idque
1745 2449 1981 2503 inmediate
2014 2449 2190 2503 quidem
2218 2449 2265 2490 in
2295 2461 2401 2489 suae
2431 2447 2610 2489 ditionis

531 2524 765 2565 maximam
794 2523 1027 2564 utilitatem
1072 2536 1126 2564 ac
1171 2522 1462 2576 commodum,
1506 2523 1695 2564 mediate
1725 2535 1830 2563 vero
1875 2522 1921 2562 in
1949 2523 2084 2563 totius
2115 2521 2340 2563 christiani
2369 2519 2501 2571 orbis,
2533 2519 2610 2574 qui

531 2595 636 2637 illuc
667 2600 920 2636 convertere
952 2595 1102 2636 oculos
1133 2595 1204 2649 pie
1234 2596 1282 2636 in
1297 2595 1498 2637 omnibus
1515 2595 1571 2636 ad
1587 2581 1774 2636 salutem
1787 2598 1976 2639 tenetur.
2006 2594 2066 2635 Et
2084 2607 2140 2634 ne
2159 2594 2236 2635 illa
2250 2592 2442 2648 praefixa
2457 2604 2610 2634 norma
2654 2627 2658 2630 .

530 2671 709 2722 putetur
738 2667 898 2708 vulnus
929 2667 1143 2708 inflictum
1177 2668 1402 2718 scientiae,
1436 2680 1548 2721 quae
1588 2680 1690 2708 vere
1722 2666 1934 2707 eiusmodi
1966 2667 2034 2719 sit,
2076 2679 2129 2707 ea
2158 2666 2332 2707 subiicit
2359 2665 2467 2718 Leo,
2496 2670 2608 2718 quae

530 2739 739 2793 prodesse
770 2740 1007 2780 etiamnum
1048 2740 1232 2781 infensis
1276 2753 1380 2780 vere
1427 2739 1668 2781 catholicae
1715 2740 1908 2792 itemque
1939 2751 2145 2782 romanae
2176 2739 2453 2780 scientiarum
2482 2737 2608 2780 ideae

186 2825 379 2856 Naturales
393 2825 497 2857 disci-
532 2812 952 2866 disciplinarumque
986 2809 1273 2866 συστήματος·
1302 2812 1556 2853 hominibus
1587 2812 1781 2866 possint:
1813 2811 2058 2864 „Profecto,
2078 2811 2233 2865 inquit,
2253 2823 2342 2851 non
2365 2823 2417 2852 eo
2441 2814 2611 2864 spectat

170 2869 517 2946 plinagdngzraxczu-
533 2885 820 2926 clarissimum
851 2884 1079 2925 Ecclesiae
1108 2884 1259 2925 lumen
1289 2869 1576 2939 Augustinus,
1610 2889 1659 2925 ut
1688 2884 1911 2925 naturales
1942 2883 2197 2938 disciplinas
2219 2896 2244 2923 e
2265 2881 2425 2924 scholis
2453 2881 2607 2924 huma—

531 2958 686 3010 nisque
716 2957 947 3011 palaestris
976 2957 1195 3007 amandet,
1242 2970 1332 2998 non
1377 2957 1538 3011 refugit
1579 2957 1911 2998 exercitationes
1941 2955 2189 2997 liberalium
2218 2955 2393 3007 artium,
2423 2966 2608 3008 quarum

532 3030 726 3070 omnium
756 3042 918 3083 magna
960 3033 1004 3070 et
1043 3029 1265 3070 uberrima
1307 3030 1434 3083 copia
1463 3029 1529 3070 illi
1557 3029 1654 3081 fuit,
1686 3028 1765 3070 sed
1793 3031 1837 3069 et
1866 3028 2099 3082 magistros
2129 3032 2174 3068 et
2201 3026 2423 3068 auditores
2453 3025 2604 3068 admo-

531 3114 634 3143 nere
664 3102 759 3142 iure
792 3102 1036 3155 meritoque
1082 3101 1235 3154 voluit,
1280 3101 1390 3142 haec
1436 3099 1583 3142 omnia
1626 3114 1653 3141 a
1696 3101 1793 3141 Deo
1825 3099 2050 3140 exordium
2081 3099 2255 3151 habere,
2287 3099 2325 3157 si
2353 3102 2475 3141 recta
2503 3098 2605 3149 sint,

530 3173 775 3226 rationique
806 3177 850 3214 et
879 3173 1087 3226 religioni
1117 3186 1323 3227 congrua,
1358 3173 1462 3226 quin
1495 3173 1626 3213 etiam
1655 3171 1752 3213 Deo
1781 3171 1992 3213 bonarum
2026 3171 2184 3212 artium
2213 3170 2428 3224 principio
2458 3173 2504 3211 et
2530 3169 2608 3211 fini

531 3246 707 3286 omnino
738 3245 969 3286 referenda
999 3258 1108 3288 esse.
1138 3244 1205 3285 Ac
1234 3245 1416 3300 proinde
1450 3245 1630 3285 ulterius
1662 3244 1801 3296 docet,
1834 3243 2119 3298 quorumdam
2140 3241 2607 3298 pseudo-philosopho-

530 3330 626 3358 rum
658 3321 702 3357 et
735 3317 1011 3371 prudentiam
1043 3317 1186 3357 carnis
1217 3318 1492 3371 sequentium
1525 3317 1727 3371 (quorum
1757 3329 1964 3357 numerus
1996 3316 2260 3356 calamitosis
2289 3314 2409 3356 hisce
2439 3318 2607 3368 tempo-

530 3388 664 3440 ribus,
695 3402 757 3433 sc.
788 3389 952 3430 Leonis
983 3388 1083 3430 XII.
1127 3388 1205 3429 sed
1244 3389 1381 3429 multo
1421 3388 1537 3429 idem
1578 3387 1698 3428 hisce
1728 3401 1846 3429 nunc
1886 3387 2047 3430 nostris
2077 3387 2231 3428 diebus
2260 3387 2446 3440 amplius
2476 3385 2606 3438 valet,

531 3461 666 3502 nimio
697 3473 827 3514 opere
859 3461 1070 3515 excrevit)
1102 3461 1467 3502 obstinatissimas
1500 3460 1875 3506 contradictiones,
1913 3473 2010 3501 esse
2041 3459 2332 3514 spernendas:
2373 3459 2478 3513 „qui
2505 3471 2606 3512 pro—

532 3537 683 3587 pterea
713 3537 881 3586 putant,
926 3532 999 3574 vel
1042 3534 1183 3586 putari
1230 3520 1383 3575 volunt
1432 3532 1713 3573 christianam
1759 3532 2002 3573 doctrinam
2047 3531 2237 3572 utilitati‘
2252 3543 2341 3571 non
2371 3528 2604 3571 convenire

174 3610 433 3664 Rempublicgzm
448 3615 517 3664 etq-
533 3605 815 3658 reipublicae,
847 3606 950 3658 quia
979 3605 1135 3645 nolunt
1165 3609 1280 3645 stare
1310 3594 1625 3658 rempublicam
1655 3604 1859 3645 firmitate
1890 3603 2112 3654 virtutum,
2144 3602 2221 3643 sed
2250 3602 2508 3655 impunitate
2537 3600 2602 3641 vi-

175 3663 213 3685 re
221 3655 517 3734 fflssussitngssupfflu'
532 3676 735 3729 tiorum.,‚
781 3676 934 3729 Plane,
982 3677 1176 3730 inquam,
1220 3676 1277 3718 ad
1321 3690 1426 3729 rem,
1457 3690 1510 3718 ac
1553 3677 1727 3731 penitus
1756 3675 1875 3717 facta
1904 3675 1960 3716 ad
1990 3688 2088 3716 eam
2116 3679 2360 3729 temporum
2387 3673 2603 3715 rationem

535 3748 914 3801 conditionemque
945 3747 1279 3790 describendam
1308 3752 1353 3789 et
1383 3747 1699 3799 definiendam,
1741 3761 1828 3801 qua
1863 3760 1954 3789 non
1992 3748 2273 3789 scientiarum
2300 3750 2470 3788 tantum
2498 3745 2604 3786 novi

533 3820 768 3874 profectus,
799 3821 877 3862 sed
905 3821 1012 3862 novi
1042 3821 1174 3861 etiam
1203 3820 1310 3860 iuris
1341 3833 1597 3873 morumque
1628 3832 1792 3861 novum
1821 3819 2154 3860 fundamentum
2183 3832 2211 3860 a
2238 3818 2469 3862 licentiosa
2497 3829 2605 3871 qua-

535 3891 635 3932 dam
665 3881 904 3933 rebellione
950 3896 1101 3933 contra
1145 3892 1283 3933 iustas
1327 3905 1502 3933 normas
1549 3891 1857 3945 legitimasque
1886 3890 2166 3932 auctoritates
2195 3891 2406 3944 repetitur
2434 3892 2479 3930 et
2505 3900 2604 3942 per·

535 3962 652 4004 fecta
678 3963 902 4006 hominum
932 3963 1118 4006 felicitas
1150 3964 1326 4006 omnino
1371 3964 1419 4004 in
1449 3964 1693 4018 inpunitate
1722 3963 1927 4005 vitiorum
1953 3963 2193 4017 reponitur.
