2716 4446
142 1500 385 1533 conventiones
411 1509 489 1532 con·

237 1544 387 1576 cordiae.

145 2389 387 2424 Commercium
402 2392 488 2424 mul·

254 2436 376 2474 cipleae.

143 3816 330 3858 Imperium
346 3817 486 3851 catholi-

188 3871 435 3897 ewromamcm.

1373 109 1720 168 —130—

503 252 761 307 momenti
784 252 1021 323 negotiis
1048 273 1080 306 a
1106 254 1367 324 magistro
1407 254 1526 324 ipso
1567 272 1820 324 supremo
1858 260 2020 326 atque
2060 255 2357 311 universali
2394 263 2580 328 petere

501 353 764 417 oportere,
806 346 937 417 quid
975 347 1271 400 tenendum
1308 347 1668 418 agendumve,
1709 354 1769 401 ut
1805 347 2089 418 ecclesiae,
2131 369 2227 404 suo
2257 350 2433 405 officio
2460 370 2581 423 pro-

504 441 766 511 priaeque
806 442 1175 495 conscientiae
1214 441 1419 494 faciant
1457 442 1605 496 satis,
1647 439 1790 496 Sane

677 555 726 611 3,
766 573 931 626 quum
988 557 1152 609 totius
1210 555 1510 610 catholicae
1570 556 1836 611 ecclesiae
1893 558 2214 629 gubernatio
2271 560 2363 612 uni
2420 559 2584 631 capiti

502 649 624 702 ideo
666 649 736 701 sit
773 649 1049 719 attributa,
1091 658 1150 704 ut
1190 650 1409 704 socialis
1447 652 1628 705 unitas
1668 659 1722 705 et
1747 652 2088 710 uniformitas
2116 662 2375 722 servetur,
2415 654 2583 707 mani-

503 743 702 796 festum
741 751 838 812 est,
878 763 1017 815 quae
1060 753 1184 798 sunt
1233 746 1455 798 maioris
1507 747 1783 813 momenti,
1826 765 1965 817 quae
2004 747 2062 799 in
2099 747 2264 801 totius
2303 746 2585 800 cuiusdam

502 839 683 909 gregis
740 839 1008 892 rationem
1065 857 1130 891 ac
1185 840 1356 892 vitam
1415 846 1698 893 externam
1736 839 1979 909 influere,
2034 841 2262 894 eandem
2299 842 2582 910 inmutare,

501 932 590 986 vel
618 933 781 986 etiam
809 932 1205 1003 discrepantias
1232 932 1687 1004 diversitatesque
1714 934 1856 987 inter
1880 934 2235 1005 particulares
2274 953 2468 1006 greges
2503 935 2583 995 in·

502 1027 700 1080 ducere
739 1025 1002 1094 valerent,
1057 1045 1122 1079 ea
1171 1045 1280 1079 non
1318 1045 1479 1097 posse
1531 1046 1564 1079 a
1600 1027 1920 1098 particulari
1958 1026 2306 1099 obnoxioque
2343 1036 2578 1100 pastore,

503 1120 599 1174 sed
637 1139 703 1173 ea
759 1119 958 1174 debere
1016 1139 1048 1173 a
1107 1139 1359 1192 supremo
1420 1121 1598 1191 capite
1638 1120 1859 1177 decidi..
1893 1120 1967 1174 Et
2023 1121 2291 1175 eiusmodi
2339 1121 2582 1193 profecto

500 1214 598 1268 illa
638 1222 777 1284 sunt,
832 1214 1029 1286 quibus
1081 1217 1139 1268 in
1189 1214 1481 1286 multiplici
1520 1216 1803 1286 utriusque
1844 1216 2119 1269 societatis
2159 1223 2429 1286 contactU,
2468 1217 2584 1272 sive

502 1311 803 1381 generatim
831 1311 947 1364 sive
977 1311 1259 1381 speciatim
1286 1316 1340 1362 et
1366 1310 1425 1362 in
1463 1309 1643 1362 causis
1681 1308 2119 1380 particularibus,
2159 1309 2377 1364 habitus
2415 1310 2583 1364 socie·

502 1405 630 1458 tatis
667 1404 926 1475 profanae
966 1404 1037 1457 ad
1075 1403 1508 1458 ecclesiasticam
1547 1404 1854 1458 continetur
1893 1423 1957 1457 ac
1982 1404 2386 1460 determinatur.
2423 1403 2584 1458 Unde

505 1507 665 1570 pacta
702 1498 814 1568 illa,
856 1499 1055 1571 quibus
1113 1499 1183 1552 ad
1240 1499 1466 1552 vitanda
1503 1498 1729 1552 dissidia
1766 1500 1908 1552 inter
1945 1508 2230 1571 utramque
2270 1500 2584 1553 societatem

505 1593 863 1647 conventione
903 1593 1048 1646 facta
1087 1600 1266 1647 certae
1303 1592 1482 1646 lineae
1521 1593 1653 1646 iuris
1681 1593 1956 1665 officiique
1984 1593 2157 1647 mutui
2183 1594 2468 1662 ducuntur,
2498 1611 2583 1646 su-

503 1705 692 1757 prema
711 1688 853 1740 inter
870 1689 1179 1759 principum
1196 1688 1463 1758 regimina
1482 1706 1873 1759 romanumque
1907 1689 2235 1760 pontificem.
2275 1688 2430 1755 Quae
2468 1688 2583 1759 qui-

504 1780 627 1834 dem
653 1788 830 1852 pacta,
859 1783 939 1835 uti
964 1781 1035 1834 ad
1060 1783 1180 1835 iura
1206 1782 1562 1853 ordinemque
1591 1781 1856 1835 ecclesiae
1883 1782 2100 1851 tuenda,
2130 1801 2385 1836 romanae
2412 1780 2582 1835 eccle-

507 1876 617 1929 siae
656 1878 895 1929 maxime
935 1886 1050 1930 tum
1077 1878 1196 1930 visa
1223 1885 1346 1930 sunt
1372 1884 1689 1948 opportuna,
1719 1895 1885 1948 quum
1913 1877 2029 1929 eius
2067 1876 2159 1930 lex
2196 1895 2295 1948 pro
2333 1883 2447 1929 tota
2485 1892 2583 1928 sua

505 1969 768 2040 dignitate
827 1980 989 2042 atque
1045 1970 1209 2042 pleno
1267 1971 1454 2025 valore
1492 1972 1601 2023 iam
1660 1970 1893 2041 amplius
1953 1988 2063 2023 non
2120 1970 2455 2039 attendatur3
2506 1963 2584 2022 it'a

505 2063 721 2118 illorum
759 2066 1058 2119 necessitas
1095 2067 1274 2118 minor
1311 2072 1404 2119 aut
1459 2064 1625 2134 nulla,
1685 2064 1781 2117 ubi
1825 2064 1919 2117 lex
1955 2065 2179 2118 unitatis
2217 2082 2472 2118 romanae
2511 2081 2584 2116 ex

506 2162 684 2214 animo
723 2160 956 2214 habetur
994 2168 1048 2214 et
1087 2161 1298 2214 sincere
1338 2160 1661 2215 observatur
1717 2159 1888 2214 veluti
1929 2178 2138 2214 summa
2186 2153 2464 2214 societatis
2499 2177 2582 2213 re-

504 2254 632 2326 gula
670 2273 734 2308 ac
771 2274 975 2308 norma.

680 2374 800 2429 130.
842 2371 952 2427 Sed
988 2392 1148 2427 nemo
1187 2393 1296 2428 non
1336 2373 1501 2442 videt,
1545 2380 1676 2445 quot
1714 2371 1842 2426 hinc
1879 2390 2136 2426 romanae
2177 2370 2320 2425 sedis
2359 2368 2582 2426 vincula

506 2475 743 2539 quotque
784 2467 1098 2522 oboriantur
1132 2468 1459 2522 commercia
1486 2487 1610 2521 cum
1648 2466 1984 2539 reipublicae
2018 2465 2321 2520 rectoribus
2352 2483 2583 2537 cumque

504 2563 761 2616 universa
780 2581 878 2633 per
898 2562 1085 2616 orbem
1104 2562 1383 2615 hominum
1406 2562 1682 2630 socictate,
1700 2569 1902 2633 quanta
1916 2561 1971 2613 in
1991 2560 2140 2613 illam
2158 2560 2422 2613 influendi
2441 2561 2579 2613 ratio

505 2664 559 2710 et
579 2656 748 2711 actio!
776 2656 849 2709 Et
868 2664 1018 2709 tanto
1038 2655 1134 2709 illa
1154 2657 1328 2726 magis
1355 2655 1590 2709 fovenda
1611 2654 1987 2708 communibus
2011 2673 2182 2726 aeque
2209 2673 2273 2708 ac
2299 2653 2579 2725 singulari-

505 2751 606 2805 bus
627 2751 822 2804 mediis
844 2750 1323 2821 contrahendaque
1354 2749 1511 2802 sedes
1539 2750 1686 2802 Petri
1726 2749 1919 2817 studet,
1963 2757 2163 2820 quanto
2204 2748 2274 2801 ad
2311 2746 2580 2802 ecclesiae

503 2846 706 2900 bonum
726 2845 1126 2916 procurandum
1148 2846 1358 2916 aptiora
1378 2844 1520 2898 etad
1542 2843 1832 2897 salutarem
1856 2845 2125 2896 actionem
2147 2862 2301 2896 suam
2322 2860 2578 2895 exercen-

506 2938 631 2993 dam
653 2938 884 3010 amplius
899 2939 1155 2992 videntur
1175 2937 1496 2992 conducere.
1523 2937 1595 2990 Et
1616 2948 1815 3010 quanto
1838 2938 2074 3009 penitius
2095 2955 2385 3009 regnorum
2403 2934 2580 3007 publi·

507 3053 801 3106 carumque
840 3053 1022 3087 rerum
1059 3032 1430 3086 moderatores
1471 3031 1769 3085 christiana
1808 3032 2078 3103 sapientia
2118 3030 2444 3099 excelluere,
2473 3029 2579 3101 spi·

505 3130 722 3201 rituque
763 3128 1031 3182 ecclesiae
1071 3127 1371 3181 catholicae
1410 3127 1629 3181 fuerunt
1665 3125 1876 3198 repleti,
1917 3133 2067 3179 tanto
2107 3124 2482 3180 vehementius
2521 3124 2579 3176 in

504 3224 784 3278 hominum
824 3232 1052 3278 externa
1088 3242 1303 3295 quoque
1331 3222 1591 3276 felicitate
1618 3221 1990 3294 promovenda
2016 3219 2466 3292 procurandaque
2499 3217 2583 3272 sui

507 3337 847 3390 essesemper
873 3319 1147 3372 duxerunt
1173 3318 1353 3386 officii,
1383 3336 1490 3372 non
1519 3317 1954 3389 qualemcunque
1994 3335 2118 3369 cum
2154 3333 2322 3387 regno
2351 3312 2574 3381 Christi,

506 3432 628 3466 cum
655 3413 771 3467 eius
792 3412 1095 3466 rectoribus
1122 3430 1187 3465 ac
1215 3430 1422 3465 summo
1444 3411 1762 3465 nominatim
1783 3410 1964 3482 gregis
1991 3417 2206 3481 pastore
2233 3407 2577 3465 concordiam

504 3508 657 3576 inire,
701 3508 796 3562 sed
835 3508 982 3561 omni
1022 3525 1129 3578 qua
1166 3506 1414 3560 valerent
1451 3512 1719 3577 potestate
1759 3505 1990 3573 efficere,
2038 3512 2099 3557 ut
2150 3502 2447 3582 secundum
2482 3520 2575 3556 vo-

503 3601 766 3656 luntatem
803 3600 912 3655 Dei
962 3619 1061 3672 per
1117 3600 1322 3657 Christi
1380 3599 1669 3654 ecclesiam
1726 3597 1909 3653 debito
1956 3597 2143 3653 ordine
2181 3596 2427 3652 homines
2464 3603 2575 3649 tam

505 3695 706 3766 singuli
746 3714 908 3767 quam
948 3695 1225 3749 coniuncti
1263 3693 1333 3747 ad
1370 3693 1552 3747 Deum
1592 3694 1956 3764 dirigerentur
1993 3710 2058 3746 ac
2094 3691 2391 3745 tenderent.

678 3811 798 3866 131.
827 3809 987 3876 Quod
1026 3809 1245 3881 quidem
1287 3827 1352 3862 ea
1390 3815 1599 3862 tantum
1627 3807 1936 3862 conditione
1965 3805 2212 3874 efficitur,
2253 3805 2299 3858 si
2324 3799 2572 3876 sepositis

504 3902 849 3976 opinionibus
907 3905 1320 3976 praeconceptis
1378 3903 1436 3955 in
1493 3899 1994 3957 divino-humanam
2030 3899 2179 3953 illam
2241 3902 2573 3962 societatem,
