2716 4446
1088 168 1435 235 —471-

218 316 365 374 tibus
422 316 732 371 christianis
769 317 1079 390 principum
1118 337 1266 374 cura.
1323 315 1433 373 Sed
1485 317 1613 371 hinc
1670 316 1958 389 colligitur,
2017 316 2293 390 principes

217 415 275 466 in
328 430 425 465 suo
462 412 725 482 regimine
764 413 1030 467 rationem
1079 412 1283 466 habere
1321 412 1570 483 inprimis
1614 411 1816 466 debere
1854 410 2001 464 illius
2054 411 2293 465 subdito-

216 525 336 561 rum
375 505 722 572 characteris,
781 525 888 577 quo
939 507 1103 560 iidem
1160 507 1469 560 necessario
1526 505 1766 576 pendent
1821 524 1854 558 a
1892 524 2144 576 supremo
2184 523 2295 559 om-

216 602 364 656 nium
403 599 758 664 moderatore,
809 619 1033 655 romano
1072 601 1345 672 pontifice.
1386 601 1558 673 Atqui
1583 618 1741 653 nemo
1779 618 1888 654 non
1928 599 2094 662 videt,
2133 618 2294 671 quam

219 698 288 749 sit
324 696 721 750 inconveniens
769 703 931 767 atque
982 697 1358 767 incongruum,
1399 703 1459 748 ut
1503 694 1666 748 alicui
1713 695 1783 748 sit
1828 693 2077 748 subditus
2115 694 2180 762 is,
2226 693 2296 747 ad

217 809 377 863 quem
403 791 484 844 uti
508 809 755 844 normam
783 789 875 843 ille
900 797 1079 843 rector
1105 797 1159 843 et
1188 788 1518 860 gubernator
1543 791 1852 843 necessario
1893 788 2056 842 debet
2095 788 2295 847 habere

214 885 497 940 rationem.
546 884 824 938 Romanus
877 902 1006 955 ergo
1047 884 1339 955 episcopus
1374 903 1407 936 a
1446 882 1715 937 saeculari
1753 884 2018 955 regimine
2056 883 2294 936 inmunis

219 981 449 1035 exsistat
487 987 715 1051 oportet.
753 978 821 1032 Id
859 978 1005 1051 quod
1043 985 1330 1049 praeterea
1369 977 1644 1048 colligitur

936 1157 1007 1204 12.
1038 1163 1298 1215 argumento
1327 1157 1574 1215 analogice,

216 1305 360 1378 quod
408 1304 547 1358 ratio
577 1306 614 1374 ¹)
654 1302 1000 1368 θεανθροόπου
1040 1301 1380 1374 suppeditat:
1421 1303 1752 1356 consociatio
1793 1304 2290 1376 commerciumque
2387 1315 2567 1369 Analogia

213 1400 496 1471 utriusque
539 1398 688 1452 illius
733 1398 939 1468 ordinis
983 1415 1248 1468 expressa
1287 1395 1539 1462 ἀναλόγως
1577 1397 1647 1450 sit
1684 1396 1754 1450 ad
1792 1397 2008 1451 deitatis
2045 1396 2290 1451 humani·
2309 1364 2633 1418 &aavaqwnoa

212 1495 450 1566 tatisque
491 1494 932 1547 coniunctionem
990 1493 1049 1545 in
1107 1489 1323 1545 Christo
1382 1491 1620 1545 Domino
1676 1500 1878 1549 nostro,
1954 1494 2030 1546 At
2065 1492 2291 1547 veroin

212 1586 478 1642 ineffabili
531 1583 636 1639 hac
694 1585 1056 1657 copulatione,
1117 1587 1459 1657 penitissima
1496 1586 1625 1639 licet
1679 1594 1994 1640 naturarum
2050 1586 2293 1640 obtineat

211 1682 340 1736 hinc
395 1680 737 1750 περιχώρησις,
796 1689 851 1735 et
908 1681 1036 1734 inde
1092 1679 1337 1751 perfecta
1392 1699 1501 1734 non
1559 1680 1779 1735 divinae
1835 1689 2043 1735 tantum
2101 1663 2292 1735 verum

211 1774 481 1829 humanae
521 1775 685 1828 etiam
723 1781 949 1827 naturae
989 1773 1246 1828 libertast
1285 1793 1445 1829 nemo
1485 1783 1668 1829 tamen
1707 1782 1886 1846 negat,
1927 1794 2095 1847 penes
2122 1775 2295 1829 Verbi

210 1869 552 1941 hypostasim
609 1887 730 1923 esse
788 1849 856 1920 τὸ.
886 1867 1194 1938 ἡγεμονικὸν,
1255 1876 1310 1922 et
1364 1887 1525 1923 nemo
1583 1869 1848 1938 adfirmat,
1907 1868 1963 1921 τό
2005 1864 2294 1937 ἡγεμονικὸν

211 1963 384 2017 Verbi
435 1982 556 2018 esse
603 1971 830 2018 naturae
876 1963 1147 2017 humanae
1199 1964 1442 2035 imperiis
1495 1962 1809 2017 obnoxium.
1866 1964 2091 2018 Possent
2139 1964 2291 2034 haec,

213 2058 670 2131 quemadmodum
730 2045 1118 2113 incarnationis
1181 2059 1400 2112 divinae
1483 2058 2001 2130 contemplatoribus
2064 2067 2293 2131 constat,

212 2153 334 2207 aliis
383 2154 647 2208 institutis
699 2153 1083 2208 collationibus
1139 2155 1197 2208 in
1252 2174 1368 2208 rem
1425 2155 1644 2207 omnino
1703 2152 2098 2224 quadrantibus
2136 2173 2291 2225 prae-

211 2255 360 2302 terea
397 2248 610 2318 diduci3
651 2249 747 2304 sed
782 2250 1026 2303 innuisse
1064 2248 1168 2302 hoc
1207 2251 1339 2304 satis
1379 2258 1479 2318 est,
1518 2258 1579 2303 ut
1615 2247 2013 2321 progrediendo
2053 2247 2291 2321 idipsum

210 2361 370 2414 porro
407 2342 740 2398 illustremus

903 2527 972 2572 13.
1003 2534 1262 2585 argumento
1294 2530 1619 2585 christologico,

212 2670 358 2742 quod
410 2670 639 2741 praebet
691 2690 904 2725 rursum
959 2671 1210 2726 Christus
1272 2675 1391 2744 ipse
1457 2673 1711 2728 Salvator
1730 2715 1744 2743 ,
1819 2675 1976 2728 cuius
2051 2674 2289 2726 vicarius
2313 2693 2431 2774 123&
2433 2692 2654 2768 Ζιιὰῖξγιιωαᾱω

210 2763 403 2818 Petrus
443 2783 565 2818 cum
604 2765 718 2818 suis
761 2765 1172 2819 successoribus
1211 2767 1444 2822 exsistit.
1466 2766 1957 2834 ¹Quemadmodum
1985 2769 2130 2821 enim
2155 2767 2654 2855 Ver‘ffyg’gfflssssfflg

210 2858 343 2912 bum
379 2858 508 2926 Dei,
560 2876 729 2931 quum
777 2861 836 2914 in
873 2860 1032 2923 nobis
1071 2860 1358 2930 habitaret,
1398 2869 1459 2915 ut
1494 2862 1786 2916 universae
1836 2862 2162 2916 humanitati
2198 2862 2289 2916 de·
2417 2868 2535 2901 “Mm-

211 2953 456 3025 perditae
495 2961 684 3007 auctor
722 2954 912 3009 salutis
951 2956 1256 3024 exsisteret,
1296 2974 1475 3027 neque
1514 2955 1880 3010 universalem
1918 2955 1990 3009 ad
2028 2974 2085 3009 se
2123 2956 2291 3009 traxit

213 3047 489 3102 hominum
529 3047 888 3103 substantiam
928 3067 1105 3121 neque
1157 3069 1215 3103 se
1255 3051 1419 3103 etiam
1456 3050 1513 3102 in
1550 3049 1724 3103 forma
1763 3052 1908 3115 servi
1945 3049 2015 3103 ab
2054 3049 2292 3103 humana

212 3142 323 3194 alia
357 3160 593 3213 persona
628 3142 958 3214 pendentem
1011 3143 1309 3197 secundum
1348 3143 1650 3197 exsistendi
1699 3143 1919 3197 modum
1958 3150 2013 3197 et
2062 3143 2290 3197 formam

211 3234 368 3302 fecit3
409 3234 505 3288 sed
531 3237 749 3289 omnino
788 3255 951 3290 unam
977 3244 1187 3292 tantum
1227 3237 1666 3310 singularemque
1704 3256 1775 3291 ex
1812 3236 2026 3291 illibata
2061 3235 2289 3309 Virgine

213 3327 521 3399 adsumpsit
558 3337 822 3398 naturam,
882 3350 1043 3402 quam
1099 3339 1269 3385 totam
1327 3351 1480 3385 suam
1535 3331 1802 3399 reddidit,
1861 3338 1916 3384 et
1966 3332 2121 3385 cuius
2169 3332 2288 3403 ipse

192 3420 321 3474 ⁴Dei
356 3421 534 3475 Filius
572 3422 820 3477 dominus
859 3433 915 3479 et
951 3443 1236 3496 possessor
1278 3434 1452 3480 esset:
1491 3427 1568 3480 ita
1604 3425 1710 3477 κατ’
1733 3425 2011 3493 ἀναλογίαν,
2050 3426 2287 3479 vicarius
2316 3483 2324 3489 N

194 3511 420 3568 Christi
457 3515 748 3570 visibiliter
783 3519 840 3571 in
879 3519 1136 3573 societate
1174 3518 1453 3572 hominum
1492 3519 1778 3587 exsistenS,
1835 3526 1896 3573 ut
1950 3526 2116 3573 totam
2167 3538 2288 3574 eam

215 3607 405 3662 salutis
462 3608 710 3664 doctrina
759 3619 816 3665 et
851 3611 1092 3666 moribus
1129 3611 1322 3666 inbuat
1359 3630 1423 3665 ac
1459 3612 1752 3683 perfundat
1805 3620 1860 3667 et
1912 3613 1983 3667 ad
2038 3612 2287 3668 ultimum

396 3897 423 3953 ¹)
454 3899 523 3942 De
560 3900 766 3957 analogia
805 3900 889 3943 hac
929 3915 989 3944 cs.
1032 3903 1092 3943 sis
1135 3915 1246 3957 quae
1291 3902 1620 3957 praestituimus
1650 3902 1729 3948 lib.
1760 3916 1854 3960 sup.
1888 3917 1984 3960 cap.
2017 3903 2075 3949 11.
2107 3918 2149 3946 n.
2182 3904 2284 3949 XII.

214 3968 254 4014 7.
284 3984 327 4026 p.
356 3969 430 4016 41.
