2716 4446
1009 159 1077 170 —-
1126 127 1339 187 103—-

3 270 40 347 ³}
129 283 183 332 et
235 293 497 346 agnorum
556 272 830 327 visibilem
883 279 1155 344 pastorem
1211 291 1276 327 ac
1333 277 1599 325 rectorem
1656 270 1934 325 constituit
1962 271 2020 341 ¹),
2078 287 2203 323 con-

129 371 370 424 stitutum
448 367 770 420 monstravit
846 384 910 419 ac
936 365 980 437 Ω)
1039 365 1351 422 declaravit.
1442 365 1606 418 Hunc
1666 365 1847 419 iudaei
1899 383 2008 418 non
2070 364 2206 417 citra

128 461 589 517 confirmationem
647 458 849 512 Christi
904 460 1156 529 Domini,
1224 478 1391 531 quum
1448 459 1624 512 adhuc
1681 462 1823 513 inter
1878 457 2134 512 mortales
2158 458 2203 530 ³)

127 556 364 622 viveret,
412 554 502 635 ‚uti
542 560 705 623 caput
761 554 1152 625 discipulorum
1190 553 1492 607 habebant:
1551 554 1695 607 hunc
1752 555 1829 607 uti
1885 555 2205 625 magistrum

128 649 511 718 doctoremque
574 647 854 700 christiani
916 647 1146 701 instituti
1220 648 1526 718 principem
1593 649 1841 702 Herodes
1866 649 1913 721 4)
1975 647 2204 720 perdere

128 740 449 797 attentabat:
507 739 578 793 ad
633 759 756 793 eum
807 741 976 794 veluti
1030 741 1100 794 ad
1139 739 1529 811 discipulorum
1568 751 1732 813 caput
1769 742 2048 796 redivivus
2086 743 2204 813 ipse

45 887 49 889 .
129 835 376 890 Christus
399 834 444 908 ⁵)
506 835 735 890 remisit:
799 835 870 888 ad
932 854 1056 888 eum
1115 837 1457 909 appellarunt
1485 839 1533 909 5⁵)
1610 836 1885 908 Apostoli:
1957 836 2026 889 ad
2082 854 2205 889 eum

40 923 47 971 ‚ss
130 929 424 1002 appellavit
473 929 814 999 accurritque
874 931 1192 984 nominatim
1231 931 1460 984 Paulus:
1512 939 1673 1002 atque
1730 932 1846 1001 ipse
1899 937 1981 983 est
2019 931 2111 1001 qui
2149 930 2207 983 in

36 1023 46 1094 s
130 1024 363 1079 ecclesia
400 1021 697 1094 apostolica
734 1024 990 1076 universa
1027 1025 1220 1095 capitis
1258 1043 1548 1096 personam
1587 1043 1651 1076 ac
1677 1023 1721 1096 ⁷)
1759 1024 2020 1094 principis
2059 1023 2206 1094 Apo-

130 1119 387 1174 stolorum
419 1118 662 1193 ‘omnium
716 1118 951 1188 supremi
1008 1117 1352 1188 praeferebat
1409 1136 1624 1188 semper
1669 1125 1724 1170 et
1745 1117 1791 1189 8)
1850 1116 2061 1188 agebat.

279 1218 384 1291 Χ99.
423 1233 496 1287 Et
533 1234 651 1305 ipse
680 1233 899 1305 quidem
938 1253 1124 1287 omnes
1151 1233 1445 1306 Apostolos
1486 1231 1890 1304 discipulosque
1927 1233 2174 1304 praeibat

301 1351 348 1404 1.
387 1357 522 1404 nutu
560 1369 624 1404 ac
660 1350 881 1422 inpulsu
919 1352 988 1406 ad
1026 1352 1423 1406 hierarchicum
1461 1350 1845 1423 Apostolorum
1901 1349 2144 1404 ordinem
2161 1350 2206 1422 ⁹)

127 1444 535 1518 complendum:

38 1636 41 1637 γ
298 1561 348 1616 2.
426 1562 695 1614 sententia
769 1560 1104 1634 consilioque
1135 1562 1201 1634 ¹⁰)
1258 1563 1315 1615 in
1385 1560 1761 1618 communibus
1826 1559 2209 1633 Apostolorum

127 1654 634 1711 deliberationibus:

299 1773 349 1829 3.
406 1773 724 1827 auctoritate
782 1774 839 1827 in
877 1772 1077 1827 tuendo
1130 1773 1348 1827 nomine
1377 1772 1445 1846 ¹¹)
1504 1772 1944 1844 vindicandoque
1982 1791 2206 1826 munere

17 1849 38 1862 *⁸
127 1866 539 1939 Apostolorum:

300 1984 352 2038 4.
389 1984 586 2038 virtute
612 1985 681 2056 12)
721 1984 1084 2056 praedicando
1125 1984 1479 2056 docendoque
1520 1983 1866 2054 evangelium
1895 1981 2132 2036 Christi:

304 2099 354 2153 5.
435 2106 702 2170 potestate
769 2102 826 2155 in
896 2101 1202 2175 colligenda
1258 2100 1746 2173 constituendaque
1811 2099 2109 2155 universali
2139 2099 2206 2173 ¹³)

129 2193 465 2248 credentium
503 2195 784 2249 societate:

305 2542 341 2600 ¹)
372 2545 484 2588 Vide
515 2546 545 2590 l.
579 2547 792 2600 superiori
822 2560 858 2587 c.
889 2545 932 2588 4.

303 2624 336 2679 ²)
368 2626 476 2691 Luc.
508 2626 653 2668 XXII.
687 2624 757 2668 31.
790 2639 887 2680 sqq.
919 2626 1031 2667 Vido
1062 2627 1121 2666 sis
1154 2625 1206 2666 dc
1237 2625 1319 2665 hoc
1340 2627 1463 2666 textu
1483 2624 1680 2666 inferius.

300 2705 335 2760 ³)
366 2706 435 2747 De
465 2706 533 2746 his
565 2706 621 2749 cf.
654 2706 707 2747 de
737 2709 982 2760 praerogat.
1016 2719 1051 2749 s.
1082 2706 1176 2747 Pet.
1209 2710 1252 2748 il.
1274 2703 1347 2748 59.
1379 2704 1672 2745 coIIsBecan.
1706 2704 1759 2745 de
1791 2718 1887 2758 cap.
1920 2705 2077 2750 eccles.
2112 2705 2141 2748 l.
2166 2705 2202 2745 Ι.

127 2789 165 2821 c.
196 2775 239 2821 4.
272 2791 346 2821 nn.
379 2775 448 2821 15.
480 2791 575 2832 sqq.

306 2854 338 2910 ⁴)
369 2856 466 2900 Act.
499 2857 597 2898 ΧΙΙ.

303 2934 338 2989 ⁵)
368 2937 507 2978 Marc.
538 2937 659 2980 XVI.
694 2935 734 2980 7.

305 3014 337 3068 υ)
368 3016 477 3060 Luc.
509 3016 671 3060 XXIV.
702 3015 774 3060 34.

304 3093 337 3149 ⁷)
367 3095 479 3136 Rem
516 3098 797 3150 prosequitur
836 3098 1182 3140 luculentissime
1223 3099 1314 3140 Leo
1347 3099 1425 3144 IX.
1465 3112 1532 3153 ep.
1564 3097 1621 3139 ad
1651 3096 1828 3138 Mihael.
1863 3099 2084 3139 constant.
2131 3109 2208 3150 pa·
2310 3101 2380 3132 Leo
2406 3100 2470 3133 IX·

126 3165 303 3210 triarch.
332 3179 403 3219 ap.
435 3167 573 3221 Mign.
604 3172 634 3208 t.
668 3166 764 3210 143.
797 3183 869 3223 pp.
902 3168 1001 3212 756.
1035 3183 1131 3223 sqq.

304 3243 338 3299 ⁸)
371 3244 437 3286 cf.
471 3259 564 3299 sup.
596 3246 669 3287 lib.
704 3260 777 3288 nn.
812 3246 908 3292 167.
942 3262 1006 3302 sq.
1041 3249 1139 3292 coll.
1171 3250 1225 3290 de
1254 3250 1549 3303 praerogativ.
1581 3262 1616 3294 S.
1647 3249 1769 3290 Petri
1798 3248 1827 3290 l.
1859 3245 1895 3292 I.
1929 3261 1994 3293 cc.
2019 3247 2090 3293 17.
2110 3262 2204 3303 sqq.

297 3321 335 3376 ⁹)
365 3324 463 3368 Act.
494 3325 529 3368 I.
562 3323 630 3369 15.
663 3339 760 3380 sqq.

276 3402 332 3458 ¹⁰)
364 3404 464 3445 Act.
495 3406 530 3448 I.
562 3404 632 3449 20.
665 3419 759 3459 sqq.
795 3407 891 3450 coll.
923 3407 1019 3451 XV.
1052 3406 1091 3451 6.
1124 3421 1221 3461 sqq.

282 3481 334 3537 ¹¹)
364 3483 460 3528 Act.
491 3485 548 3528 II.
581 3484 651 3528 14.
683 3499 777 3540 sqq.
810 3487 887 3530 IV.
920 3486 960 3530 8.
993 3501 1087 3541 sqq.
1120 3488 1175 3531 V.
1208 3487 1281 3532 29.

273 3560 330 3618 ¹²)
361 3563 458 3607 Act.
489 3565 568 3605 111.
602 3566 655 3608 V.
686 3566 765 3609 IX.
813 3566 884 3607 Ad
922 3580 1014 3607 rem
1054 3567 1163 3608 haec
1193 3568 1414 3609 Ambrosii
1459 3581 1512 3609 ex
1543 3580 1626 3611 ser.
1669 3565 1738 3609 68.
1771 3566 1956 3618 „Petrus
1986 3569 2110 3619 petra
2140 3570 2206 3607 est
2307 3574 2462 3608 Ambros.

35 3698 38 3699 γ
127 3645 257 3688 super
287 3649 417 3689 quam
450 3637 623 3690 (Matth.
656 3638 776 3682 XVI.
810 3638 898 3693 18.)
931 3639 1186 3680 aedificatur
1216 3640 1428 3694 ecc-lesia3
1459 3639 1647 3693 ideoque
1677 3639 1792 3679 sicut
1820 3639 1867 3678 in
1889 3639 2074 3679 ecclesia
2104 3638 2206 3680 fidei

126 3704 455 3749 fundamentum
486 3709 690 3762 continet,
722 3710 784 3750 ita
814 3713 856 3751 et
888 3711 931 3750 in
961 3710 1134 3751 homine
1165 3711 1458 3751 membrorum
1498 3710 1783 3751 fundamenta
1815 3709 2084 3762 confirmat„

274 3785 334 3840 ¹³)
365 3787 461 3829 Act.
491 3788 549 3830 ΙΙ.
581 3786 652 3832 38.
683 3789 762 3833 ΙΠ.
795 3788 863 3831 19.
896 3789 1018 3833 VIII.
1053 3788 1121 3833 14.
1153 3803 1248 3843 sqq.
1282 3790 1361 3833 XI.
1395 3787 1465 3833 14.
1497 3789 1705 3831 Praeibat
1745 3788 2082 3843 praedicationis
2112 3804 2204 3831 ma·
2289 3804 2365 3838 Act,
2389 3807 2498 3845 apoct.

80 3875 82 3878 ¹
127 3858 304 3912 gisterio
335 3859 492 3902 Petrus
522 3861 840 3915 Hierosolymis
883 3866 926 3902 et
956 3862 1003 3902 in
1033 3861 1217 3914 Judaea,
1249 3862 1446 3916 praeibat
1482 3862 1576 3916 ipse
1607 3862 1794 3916 pastoris
1827 3861 1972 3903 officio
2001 3863 2047 3902 in
2075 3862 2204 3904 adso-

35 3925 53 3964 'e
127 3930 292 3974 ciandis
322 3928 620 3988 Samaritanis,
665 3933 759 3988 ipse
801 3933 1002 3988 praeibat
1044 3933 1286 3989 apostolica
1333 3934 1594 3977 auctoritate
1629 3933 1873 3990 cooptando
1923 3935 2109 3990 gentiles
2151 3934 2201 3976 in
