<?xml version="1.0" encoding="UTF-8"?>
<!DOCTYPE html PUBLIC "-//W3C//DTD XHTML 1.0 Transitional//EN"
    "http://www.w3.org/TR/xhtml1/DTD/xhtml1-transitional.dtd">
<html xmlns="http://www.w3.org/1999/xhtml" xml:lang="en" lang="en">
 <head>
  <title>
</title>
<meta http-equiv="Content-Type" content="text/html;charset=utf-8" />
  <meta name='ocr-system' content='tesseract 3.04.00' />
  <meta name='ocr-capabilities' content='ocr_page ocr_carea ocr_par ocr_line ocrx_word'/>
</head>
<body>
  <div class='ocr_page' id='page_1' title='image "a607958700schruoft_0557.png"; bbox 0 0 2716 4446; ppageno 0'>
   <div class='ocr_carea' id='block_1_1' title="bbox 401 175 421 184">
    <p class='ocr_par' dir='ltr' id='par_1_1' title="bbox 401 175 421 184">
     <span class='ocr_line' id='line_1_1' title="bbox 401 175 421 184; baseline 0 -2"><span class='ocrx_word' id='word_1_1' title='bbox 401 175 421 184; x_wconf 32' lang='grc' dir='ltr'><strong>ἦ</strong></span> 
     </span>
    </p>
   </div>
   <div class='ocr_carea' id='block_1_2' title="bbox 1051 176 1399 243">
    <p class='ocr_par' dir='ltr' id='par_1_2' title="bbox 1051 176 1399 243">
     <span class='ocr_line' id='line_1_2' title="bbox 1051 176 1399 243; baseline 0.003 -1"><span class='ocrx_word' id='word_1_2' title='bbox 1051 176 1399 243; x_wconf 79' lang='lat'>—315—</span> 
     </span>
    </p>
   </div>
   <div class='ocr_carea' id='block_1_3' title="bbox 184 311 2630 586">
    <p class='ocr_par' dir='ltr' id='par_1_3' title="bbox 184 311 2630 586">
     <span class='ocr_line' id='line_1_3' title="bbox 357 311 2630 412; baseline -0.004 -29"><span class='ocrx_word' id='word_1_3' title='bbox 357 327 479 382; x_wconf 85' lang='lat'><strong>330.</strong></span> <span class='ocrx_word' id='word_1_4' title='bbox 519 311 629 380; x_wconf 86' lang='lat' dir='ltr'><strong>Sed</strong></span> <span class='ocrx_word' id='word_1_5' title='bbox 667 343 772 399; x_wconf 90' lang='lat' dir='ltr'><strong>quo</strong></span> <span class='ocrx_word' id='word_1_6' title='bbox 811 327 1094 397; x_wconf 88' lang='lat' dir='ltr'><strong>praeclara</strong></span> <span class='ocrx_word' id='word_1_7' title='bbox 1131 327 1267 381; x_wconf 88' lang='lat' dir='ltr'><strong>haec</strong></span> <span class='ocrx_word' id='word_1_8' title='bbox 1319 328 1559 399; x_wconf 89' lang='lat' dir='ltr'><strong>capitum</strong></span> <span class='ocrx_word' id='word_1_9' title='bbox 1613 327 1780 382; x_wconf 91' lang='lat' dir='ltr'><strong>series</strong></span> <span class='ocrx_word' id='word_1_10' title='bbox 1833 333 2056 398; x_wconf 85' lang='lat' dir='ltr'><strong>spectet,</strong></span> <span class='ocrx_word' id='word_1_11' title='bbox 2108 343 2267 378; x_wconf 91' lang='lat' dir='ltr'><strong>nemo</strong></span> <span class='ocrx_word' id='word_1_12' title='bbox 2283 325 2630 412; x_wconf 46' lang='lat' dir='ltr'><strong>{iffiassffgljssfffssj</strong></span> 
     </span>
     <span class='ocr_line' id='line_1_4' title="bbox 184 411 2524 492; baseline -0.003 -16"><span class='ocrx_word' id='word_1_13' title='bbox 184 420 613 490; x_wconf 81' lang='lat' dir='ltr'><strong>nonintelligit:</strong></span> <span class='ocrx_word' id='word_1_14' title='bbox 654 437 718 472; x_wconf 92' lang='lat' dir='ltr'><strong>eo</strong></span> <span class='ocrx_word' id='word_1_15' title='bbox 756 419 1030 488; x_wconf 84' lang='lat' dir='ltr'><strong>videlicet,</strong></span> <span class='ocrx_word' id='word_1_16' title='bbox 1069 428 1130 473; x_wconf 92' lang='lat' dir='ltr'><strong>ut</strong></span> <span class='ocrx_word' id='word_1_17' title='bbox 1167 420 1303 474; x_wconf 90' lang='lat' dir='ltr'><strong>haec</strong></span> <span class='ocrx_word' id='word_1_18' title='bbox 1335 420 1373 492; x_wconf 91' lang='lat'><strong>¹)</strong></span> <span class='ocrx_word' id='word_1_19' title='bbox 1414 420 1644 474; x_wconf 89' lang='lat' dir='ltr'><strong>ducatur</strong></span> <span class='ocrx_word' id='word_1_20' title='bbox 1684 419 2040 491; x_wconf 78' lang='lat' dir='ltr'><strong>„Conclusiot</strong></span> <span class='ocrx_word' id='word_1_21' title='bbox 2088 419 2269 473; x_wconf 83' lang='lat' dir='ltr'><strong>Ponti·</strong></span> <span class='ocrx_word' id='word_1_22' title='bbox 2404 411 2524 445; x_wconf 49' lang='grc' dir='ltr'><strong>’ΜΗ</strong></span> 
     </span>
     <span class='ocr_line' id='line_1_5' title="bbox 184 513 2270 586; baseline -0.002 -16"><span class='ocrx_word' id='word_1_23' title='bbox 184 516 302 570; x_wconf 89' lang='lat' dir='ltr'><strong>ficis</strong></span> <span class='ocrx_word' id='word_1_24' title='bbox 340 513 781 567; x_wconf 76' lang='lat' dir='ltr'><strong>infallibilitatem</strong></span> <span class='ocrx_word' id='word_1_25' title='bbox 840 513 1120 584; x_wconf 82' lang='lat' dir='ltr'><strong>sequelam</strong></span> <span class='ocrx_word' id='word_1_26' title='bbox 1177 514 1497 585; x_wconf 39' lang='lat' dir='ltr'><strong>esse-valde</strong></span> <span class='ocrx_word' id='word_1_27' title='bbox 1537 515 1840 586; x_wconf 84' lang='lat' dir='ltr'><strong>legitimam</strong></span> <span class='ocrx_word' id='word_1_28' title='bbox 1879 522 1934 568; x_wconf 92' lang='lat' dir='ltr'><strong>et</strong></span> <span class='ocrx_word' id='word_1_29' title='bbox 1970 533 2139 586; x_wconf 88' lang='lat' dir='ltr'><strong>prope</strong></span> <span class='ocrx_word' id='word_1_30' title='bbox 2178 532 2270 566; x_wconf 92' lang='lat' dir='ltr'><strong>ne-</strong></span> 
     </span>
    </p>
   </div>
   <div class='ocr_carea' id='block_1_4' title="bbox 186 607 2277 1152">
    <p class='ocr_par' dir='ltr' id='par_1_4' title="bbox 186 607 2271 775">
     <span class='ocr_line' id='line_1_6' title="bbox 186 607 2271 679; baseline -0.001 -17"><span class='ocrx_word' id='word_1_31' title='bbox 186 608 477 662; x_wconf 88' lang='lat' dir='ltr'><strong>cessariam</strong></span> <span class='ocrx_word' id='word_1_32' title='bbox 515 607 922 679; x_wconf 81' lang='lat' dir='ltr'><strong>principiorum,</strong></span> <span class='ocrx_word' id='word_1_33' title='bbox 964 624 1102 677; x_wconf 89' lang='lat' dir='ltr'><strong>quae</strong></span> <span class='ocrx_word' id='word_1_34' title='bbox 1149 610 1423 660; x_wconf 91' lang='lat' dir='ltr'><strong>communi</strong></span> <span class='ocrx_word' id='word_1_35' title='bbox 1468 608 1859 679; x_wconf 85' lang='lat' dir='ltr'><strong>adprobatione</strong></span> <span class='ocrx_word' id='word_1_36' title='bbox 1902 608 1971 662; x_wconf 91' lang='lat' dir='ltr'><strong>ab</strong></span> <span class='ocrx_word' id='word_1_37' title='bbox 2020 607 2271 661; x_wconf 89' lang='lat' dir='ltr'><strong>omnibus</strong></span> 
     </span>
     <span class='ocr_line' id='line_1_7' title="bbox 186 699 2158 775; baseline -0.002 -19"><span class='ocrx_word' id='word_1_38' title='bbox 186 702 543 756; x_wconf 89' lang='lat' dir='ltr'><strong>admittuntur</strong></span> <span class='ocrx_word' id='word_1_39' title='bbox 580 699 893 754; x_wconf 80' lang='lat' dir='ltr'><strong>catholicis:</strong></span> <span class='ocrx_word' id='word_1_40' title='bbox 936 742 948 754; x_wconf 83' lang='grc'>.</span> <span class='ocrx_word' id='word_1_41' title='bbox 989 743 1002 756; x_wconf 93' lang='grc'>.</span> <span class='ocrx_word' id='word_1_42' title='bbox 1041 743 1054 756; x_wconf 86' lang='grc'>,</span> <span class='ocrx_word' id='word_1_43' title='bbox 1113 720 1227 754; x_wconf 90' lang='lat' dir='ltr'><strong>rem</strong></span> <span class='ocrx_word' id='word_1_44' title='bbox 1269 720 1390 755; x_wconf 90' lang='lat' dir='ltr'><strong>esse</strong></span> <span class='ocrx_word' id='word_1_45' title='bbox 1430 703 1500 756; x_wconf 94' lang='lat' dir='ltr'><strong>ad</strong></span> <span class='ocrx_word' id='word_1_46' title='bbox 1538 703 1702 756; x_wconf 91' lang='lat' dir='ltr'><strong>fidem</strong></span> <span class='ocrx_word' id='word_1_47' title='bbox 1741 706 2105 775; x_wconf 90' lang='lat' dir='ltr'><strong>pertinentem</strong></span> <span class='ocrx_word' id='word_1_48' title='bbox 2146 742 2158 753; x_wconf 89' lang='lat'><strong>.</strong></span> 
     </span>
    </p>

    <p class='ocr_par' dir='ltr' id='par_1_5' title="bbox 187 794 2277 1152">
     <span class='ocr_line' id='line_1_8' title="bbox 192 794 2276 868; baseline -0.002 -17"><span class='ocrx_word' id='word_1_49' title='bbox 192 797 364 851; x_wconf 90' lang='lat' dir='ltr'><strong>veluti</strong></span> <span class='ocrx_word' id='word_1_50' title='bbox 413 795 686 850; x_wconf 91' lang='lat' dir='ltr'><strong>obiectum</strong></span> <span class='ocrx_word' id='word_1_51' title='bbox 737 804 791 849; x_wconf 89' lang='lat' dir='ltr'><strong>et</strong></span> <span class='ocrx_word' id='word_1_52' title='bbox 840 794 1012 849; x_wconf 87' lang='lat' dir='ltr'><strong>veluti</strong></span> <span class='ocrx_word' id='word_1_53' title='bbox 1048 795 1320 866; x_wconf 81' lang='lat' dir='ltr'><strong>regulam:</strong></span> <span class='ocrx_word' id='word_1_54' title='bbox 1362 839 1374 852; x_wconf 90' lang='grc'>.</span> <span class='ocrx_word' id='word_1_55' title='bbox 1415 840 1428 853; x_wconf 89' lang='grc'>.</span> <span class='ocrx_word' id='word_1_56' title='bbox 1468 840 1481 853; x_wconf 94' lang='grc'>.</span> <span class='ocrx_word' id='word_1_57' title='bbox 1538 799 1619 851; x_wconf 90' lang='lat' dir='ltr'><strong>uti</strong></span> <span class='ocrx_word' id='word_1_58' title='bbox 1670 797 1960 866; x_wconf 87' lang='lat' dir='ltr'><strong>obiectum,</strong></span> <span class='ocrx_word' id='word_1_59' title='bbox 2014 815 2180 868; x_wconf 90' lang='lat' dir='ltr'><strong>quum</strong></span> <span class='ocrx_word' id='word_1_60' title='bbox 2219 795 2276 847; x_wconf 89' lang='lat' dir='ltr'><strong>id</strong></span> 
     </span>
     <span class='ocr_line' id='line_1_9' title="bbox 187 888 2275 961; baseline -0.002 -15"><span class='ocrx_word' id='word_1_61' title='bbox 187 892 443 946; x_wconf 90' lang='lat' dir='ltr'><strong>doceatur</strong></span> <span class='ocrx_word' id='word_1_62' title='bbox 480 891 733 944; x_wconf 86' lang='lat' dir='ltr'><strong>universe</strong></span> <span class='ocrx_word' id='word_1_63' title='bbox 773 888 841 942; x_wconf 92' lang='lat' dir='ltr'><strong>ab</strong></span> <span class='ocrx_word' id='word_1_64' title='bbox 881 890 1153 961; x_wconf 91' lang='lat' dir='ltr'><strong>episcopis</strong></span> <span class='ocrx_word' id='word_1_65' title='bbox 1208 891 1266 944; x_wconf 92' lang='lat' dir='ltr'><strong>in</strong></span> <span class='ocrx_word' id='word_1_66' title='bbox 1323 891 1522 945; x_wconf 88' lang='lat' dir='ltr'><strong>unione</strong></span> <span class='ocrx_word' id='word_1_67' title='bbox 1581 910 1703 945; x_wconf 92' lang='lat' dir='ltr'><strong>cum</strong></span> <span class='ocrx_word' id='word_1_68' title='bbox 1749 909 1972 945; x_wconf 83' lang='lat' dir='ltr'><strong>romano</strong></span> <span class='ocrx_word' id='word_1_69' title='bbox 2010 889 2275 944; x_wconf 89' lang='lat' dir='ltr'><strong>Pontifice</strong></span> 
     </span>
     <span class='ocr_line' id='line_1_10' title="bbox 187 984 2276 1058; baseline -0.002 -18"><span class='ocrx_word' id='word_1_70' title='bbox 187 986 256 1040; x_wconf 86' lang='lat' dir='ltr'><strong>ab</strong></span> <span class='ocrx_word' id='word_1_71' title='bbox 295 984 595 1056; x_wconf 80' lang='lat' dir='ltr'><strong>originibus</strong></span> <span class='ocrx_word' id='word_1_72' title='bbox 633 1003 806 1056; x_wconf 84' lang='lat' dir='ltr'><strong>usque</strong></span> <span class='ocrx_word' id='word_1_73' title='bbox 845 984 916 1038; x_wconf 94' lang='lat' dir='ltr'><strong>ad</strong></span> <span class='ocrx_word' id='word_1_74' title='bbox 954 984 1233 1038; x_wconf 90' lang='lat' dir='ltr'><strong>saeculum</strong></span> <span class='ocrx_word' id='word_1_75' title='bbox 1261 984 1304 1058; x_wconf 73' lang='lat'><strong>2)</strong></span> <span class='ocrx_word' id='word_1_76' title='bbox 1344 994 1709 1056; x_wconf 68' lang='lat' dir='ltr'><strong>postremum,</strong></span> <span class='ocrx_word' id='word_1_77' title='bbox 1749 1004 1814 1039; x_wconf 91' lang='lat' dir='ltr'><strong>ac</strong></span> <span class='ocrx_word' id='word_1_78' title='bbox 1852 986 2112 1040; x_wconf 88' lang='lat' dir='ltr'><strong>doceatur</strong></span> <span class='ocrx_word' id='word_1_79' title='bbox 2146 997 2276 1055; x_wconf 81' lang='lat' dir='ltr'><strong>&#39;pro-</strong></span> 
     </span>
     <span class='ocr_line' id='line_1_11' title="bbox 187 1077 2277 1152; baseline -0.001 -18"><span class='ocrx_word' id='word_1_80' title='bbox 187 1089 391 1152; x_wconf 86' lang='lat' dir='ltr'><strong>pterea,</strong></span> <span class='ocrx_word' id='word_1_81' title='bbox 451 1079 596 1151; x_wconf 91' lang='lat' dir='ltr'><strong>quod</strong></span> <span class='ocrx_word' id='word_1_82' title='bbox 650 1078 801 1132; x_wconf 87' lang='lat' dir='ltr'><strong>illam</strong></span> <span class='ocrx_word' id='word_1_83' title='bbox 849 1079 907 1133; x_wconf 90' lang='lat' dir='ltr'><strong>in</strong></span> <span class='ocrx_word' id='word_1_84' title='bbox 963 1077 1169 1132; x_wconf 85' lang='lat' dir='ltr'><strong>Christi</strong></span> <span class='ocrx_word' id='word_1_85' title='bbox 1208 1080 1344 1133; x_wconf 89' lang='lat' dir='ltr'><strong>Jesu</strong></span> <span class='ocrx_word' id='word_1_86' title='bbox 1382 1082 1666 1150; x_wconf 80' lang='lat' dir='ltr'><strong>promissis</strong></span> <span class='ocrx_word' id='word_1_87' title='bbox 1706 1081 1986 1133; x_wconf 83' lang='lat' dir='ltr'><strong>fundatam</strong></span> <span class='ocrx_word' id='word_1_88' title='bbox 2022 1079 2277 1146; x_wconf 87' lang='lat' dir='ltr'><strong>habeant,</strong></span> 
     </span>
    </p>
   </div>
   <div class='ocr_carea' id='block_1_5' title="bbox 189 1173 2280 1337">
    <p class='ocr_par' dir='ltr' id='par_1_6' title="bbox 189 1173 2280 1337">
     <span class='ocr_line' id='line_1_12' title="bbox 190 1173 2279 1247; baseline -0.002 -19"><span class='ocrx_word' id='word_1_89' title='bbox 190 1175 434 1247; x_wconf 88' lang='lat' dir='ltr'><strong>adeoque</strong></span> <span class='ocrx_word' id='word_1_90' title='bbox 460 1173 784 1228; x_wconf 70' lang='lat' dir='ltr'><strong>revelatam:</strong></span> <span class='ocrx_word' id='word_1_91' title='bbox 813 1214 825 1226; x_wconf 91' lang='lat'><strong>.</strong></span> <span class='ocrx_word' id='word_1_92' title='bbox 854 1214 866 1227; x_wconf 93' lang='lat'><strong>.</strong></span> <span class='ocrx_word' id='word_1_93' title='bbox 884 1196 907 1226; x_wconf 43' lang='lat'><strong>⁷.</strong></span> <span class='ocrx_word' id='word_1_94' title='bbox 947 1175 1027 1227; x_wconf 89' lang='lat' dir='ltr'><strong>uti</strong></span> <span class='ocrx_word' id='word_1_95' title='bbox 1051 1173 1313 1244; x_wconf 85' lang='lat' dir='ltr'><strong>regulam,</strong></span> <span class='ocrx_word' id='word_1_96' title='bbox 1355 1193 1522 1246; x_wconf 91' lang='lat' dir='ltr'><strong>quum</strong></span> <span class='ocrx_word' id='word_1_97' title='bbox 1546 1174 1887 1229; x_wconf 85' lang='lat' dir='ltr'><strong>infallibilem</strong></span> <span class='ocrx_word' id='word_1_98' title='bbox 1915 1174 2019 1228; x_wconf 91' lang='lat' dir='ltr'><strong>sibi</strong></span> <span class='ocrx_word' id='word_1_99' title='bbox 2045 1177 2279 1245; x_wconf 91' lang='lat' dir='ltr'><strong>potesta-</strong></span> 
     </span>
     <span class='ocr_line' id='line_1_13' title="bbox 189 1266 2280 1337; baseline -0.002 -15"><span class='ocrx_word' id='word_1_100' title='bbox 189 1276 306 1322; x_wconf 88' lang='lat' dir='ltr'><strong>tem</strong></span> <span class='ocrx_word' id='word_1_101' title='bbox 338 1275 649 1321; x_wconf 86' lang='lat' dir='ltr'><strong>constanter</strong></span> <span class='ocrx_word' id='word_1_102' title='bbox 685 1267 979 1321; x_wconf 88' lang='lat' dir='ltr'><strong>Pontifices</strong></span> <span class='ocrx_word' id='word_1_103' title='bbox 1018 1267 1322 1337; x_wconf 80' lang='lat' dir='ltr'><strong>tribuerint,</strong></span> <span class='ocrx_word' id='word_1_104' title='bbox 1382 1287 1502 1321; x_wconf 92' lang='lat' dir='ltr'><strong>eam</strong></span> <span class='ocrx_word' id='word_1_105' title='bbox 1549 1269 1909 1337; x_wconf 88' lang='lat' dir='ltr'><strong>exercuerint,</strong></span> <span class='ocrx_word' id='word_1_106' title='bbox 1949 1266 2280 1322; x_wconf 88' lang='lat' dir='ltr'><strong>auctoritati-</strong></span> 
     </span>
    </p>
   </div>
   <div class='ocr_carea' id='block_1_6' title="bbox 110 1360 2339 1435">
    <p class='ocr_par' dir='ltr' id='par_1_7' title="bbox 110 1360 2339 1435">
     <span class='ocr_line' id='line_1_14' title="bbox 110 1360 2339 1435; baseline -0.001 -20"><span class='ocrx_word' id='word_1_107' title='bbox 110 1363 115 1366; x_wconf 76' lang='grc'><strong><em>’</em></strong></span> <span class='ocrx_word' id='word_1_108' title='bbox 191 1381 296 1435; x_wconf 90' lang='lat' dir='ltr'><strong>que</strong></span> <span class='ocrx_word' id='word_1_109' title='bbox 353 1381 541 1416; x_wconf 89' lang='lat' dir='ltr'><strong>eorum</strong></span> <span class='ocrx_word' id='word_1_110' title='bbox 599 1371 770 1416; x_wconf 85' lang='lat' dir='ltr'><strong>semet</strong></span> <span class='ocrx_word' id='word_1_111' title='bbox 837 1363 1082 1433; x_wconf 89' lang='lat' dir='ltr'><strong>episcopi</strong></span> <span class='ocrx_word' id='word_1_112' title='bbox 1135 1369 1189 1416; x_wconf 87' lang='lat' dir='ltr'><strong>et</strong></span> <span class='ocrx_word' id='word_1_113' title='bbox 1257 1364 1517 1415; x_wconf 87' lang='lat' dir='ltr'><strong>universa</strong></span> <span class='ocrx_word' id='word_1_114' title='bbox 1573 1362 1810 1416; x_wconf 90' lang='lat' dir='ltr'><strong>ecclesia</strong></span> <span class='ocrx_word' id='word_1_115' title='bbox 1833 1363 1877 1434; x_wconf 86' lang='lat'><strong>3)</strong></span> <span class='ocrx_word' id='word_1_116' title='bbox 1933 1379 2149 1432; x_wconf 89' lang='lat' dir='ltr'><strong>semper</strong></span> <span class='ocrx_word' id='word_1_117' title='bbox 2202 1360 2283 1413; x_wconf 89' lang='lat' dir='ltr'><strong>uti</strong></span> <span class='ocrx_word' id='word_1_118' title='bbox 2332 1408 2339 1413; x_wconf 90' lang='lat'><strong>.</strong></span> 
     </span>
    </p>
   </div>
   <div class='ocr_carea' id='block_1_7' title="bbox 189 1454 2285 1903">
    <p class='ocr_par' dir='ltr' id='par_1_8' title="bbox 189 1454 2285 1903">
     <span class='ocr_line' id='line_1_15' title="bbox 189 1454 2281 1528; baseline -0.002 -18"><span class='ocrx_word' id='word_1_119' title='bbox 189 1474 409 1510; x_wconf 84' lang='lat' dir='ltr'><strong>normae</strong></span> <span class='ocrx_word' id='word_1_120' title='bbox 461 1474 526 1509; x_wconf 90' lang='lat' dir='ltr'><strong>ac</strong></span> <span class='ocrx_word' id='word_1_121' title='bbox 562 1455 785 1527; x_wconf 86' lang='lat' dir='ltr'><strong>regulae</strong></span> <span class='ocrx_word' id='word_1_122' title='bbox 826 1454 1183 1509; x_wconf 83' lang='lat' dir='ltr'><strong>subiecerint:</strong></span> <span class='ocrx_word' id='word_1_123' title='bbox 1225 1498 1238 1511; x_wconf 88' lang='lat'><strong>.</strong></span> <span class='ocrx_word' id='word_1_124' title='bbox 1278 1498 1290 1511; x_wconf 92' lang='lat'><strong>.</strong></span> <span class='ocrx_word' id='word_1_125' title='bbox 1332 1497 1344 1509; x_wconf 90' lang='lat'><strong>.</strong></span> <span class='ocrx_word' id='word_1_126' title='bbox 1386 1461 1491 1528; x_wconf 85' lang='lat' dir='ltr'><strong>quo</strong></span> <span class='ocrx_word' id='word_1_127' title='bbox 1545 1458 1817 1510; x_wconf 84' lang='lat' dir='ltr'><strong>constanti</strong></span> <span class='ocrx_word' id='word_1_128' title='bbox 1867 1465 1971 1509; x_wconf 85' lang='lat' dir='ltr'><strong>usu</strong></span> <span class='ocrx_word' id='word_1_129' title='bbox 2025 1462 2281 1508; x_wconf 88' lang='lat' dir='ltr'><strong>constans</strong></span> 
     </span>
     <span class='ocr_line' id='line_1_16' title="bbox 192 1548 2283 1604; baseline -0.002 0"><span class='ocrx_word' id='word_1_130' title='bbox 192 1551 497 1604; x_wconf 88' lang='lat' dir='ltr'><strong>continetur</strong></span> <span class='ocrx_word' id='word_1_131' title='bbox 547 1549 952 1603; x_wconf 88' lang='lat' dir='ltr'><strong>infallibilitatis</strong></span> <span class='ocrx_word' id='word_1_132' title='bbox 1009 1549 1247 1604; x_wconf 87' lang='lat' dir='ltr'><strong>adsertio</strong></span> <span class='ocrx_word' id='word_1_133' title='bbox 1305 1569 1370 1603; x_wconf 92' lang='lat' dir='ltr'><strong>ac</strong></span> <span class='ocrx_word' id='word_1_134' title='bbox 1429 1550 1750 1604; x_wconf 89' lang='lat' dir='ltr'><strong>declaratio:</strong></span> <span class='ocrx_word' id='word_1_135' title='bbox 1810 1550 1937 1604; x_wconf 88' lang='lat' dir='ltr'><strong>hinc</strong></span> <span class='ocrx_word' id='word_1_136' title='bbox 1987 1549 2139 1602; x_wconf 92' lang='lat' dir='ltr'><strong>illam</strong></span> <span class='ocrx_word' id='word_1_137' title='bbox 2176 1548 2283 1601; x_wconf 91' lang='lat' dir='ltr'><strong>fide</strong></span> 
     </span>
     <span class='ocr_line' id='line_1_17' title="bbox 192 1638 2284 1716; baseline -0.001 -18"><span class='ocrx_word' id='word_1_138' title='bbox 192 1645 486 1699; x_wconf 88' lang='lat' dir='ltr'><strong>christiana</strong></span> <span class='ocrx_word' id='word_1_139' title='bbox 508 1638 564 1716; x_wconf 80' lang='lat'><strong>⁴)</strong></span> <span class='ocrx_word' id='word_1_140' title='bbox 593 1644 920 1697; x_wconf 91' lang='lat' dir='ltr'><strong>credendam</strong></span> <span class='ocrx_word' id='word_1_141' title='bbox 965 1643 1035 1697; x_wconf 90' lang='lat' dir='ltr'><strong>ab</strong></span> <span class='ocrx_word' id='word_1_142' title='bbox 1063 1644 1315 1698; x_wconf 90' lang='lat' dir='ltr'><strong>omnibus</strong></span> <span class='ocrx_word' id='word_1_143' title='bbox 1355 1647 1435 1698; x_wconf 90' lang='lat' dir='ltr'><strong>uti</strong></span> <span class='ocrx_word' id='word_1_144' title='bbox 1475 1645 1748 1698; x_wconf 89' lang='lat' dir='ltr'><strong>obiectum</strong></span> <span class='ocrx_word' id='word_1_145' title='bbox 1787 1645 1932 1714; x_wconf 88' lang='lat' dir='ltr'><strong>fidei,</strong></span> <span class='ocrx_word' id='word_1_146' title='bbox 1974 1645 2284 1716; x_wconf 89' lang='lat' dir='ltr'><strong>quicunque</strong></span> 
     </span>
     <span class='ocr_line' id='line_1_18' title="bbox 195 1738 2285 1812; baseline -0.001 -19"><span class='ocrx_word' id='word_1_147' title='bbox 195 1741 465 1794; x_wconf 87' lang='lat' dir='ltr'><strong>rationum</strong></span> <span class='ocrx_word' id='word_1_148' title='bbox 519 1738 617 1792; x_wconf 91' lang='lat' dir='ltr'><strong>illa</strong></span> <span class='ocrx_word' id='word_1_149' title='bbox 653 1746 926 1792; x_wconf 91' lang='lat' dir='ltr'><strong>momenta</strong></span> <span class='ocrx_word' id='word_1_150' title='bbox 963 1738 1247 1809; x_wconf 87' lang='lat' dir='ltr'><strong>explorata</strong></span> <span class='ocrx_word' id='word_1_151' title='bbox 1283 1738 1516 1809; x_wconf 84' lang='lat' dir='ltr'><strong>habent3</strong></span> <span class='ocrx_word' id='word_1_152' title='bbox 1570 1746 1686 1799; x_wconf 90' lang='lat' dir='ltr'><strong>tum</strong></span> <span class='ocrx_word' id='word_1_153' title='bbox 1722 1738 1881 1812; x_wconf 89' lang='lat' dir='ltr'><strong>illud,</strong></span> <span class='ocrx_word' id='word_1_154' title='bbox 1923 1739 2068 1810; x_wconf 91' lang='lat' dir='ltr'><strong>quod</strong></span> <span class='ocrx_word' id='word_1_155' title='bbox 2103 1738 2285 1803; x_wconf 81' lang='lat' dir='ltr'><strong>Ponti-</strong></span> 
     </span>
     <span class='ocr_line' id='line_1_19' title="bbox 193 1832 2166 1903; baseline 0.001 -15"><span class='ocrx_word' id='word_1_156' title='bbox 193 1834 311 1888; x_wconf 88' lang='lat' dir='ltr'><strong>ficis</strong></span> <span class='ocrx_word' id='word_1_157' title='bbox 350 1832 712 1887; x_wconf 86' lang='lat' dir='ltr'><strong>infallibilitas</strong></span> <span class='ocrx_word' id='word_1_158' title='bbox 751 1839 834 1886; x_wconf 90' lang='lat' dir='ltr'><strong>est</strong></span> <span class='ocrx_word' id='word_1_159' title='bbox 869 1834 1142 1886; x_wconf 86' lang='lat' dir='ltr'><strong>unanimis</strong></span> <span class='ocrx_word' id='word_1_160' title='bbox 1181 1852 1245 1886; x_wconf 90' lang='lat' dir='ltr'><strong>ac</strong></span> <span class='ocrx_word' id='word_1_161' title='bbox 1284 1842 1538 1887; x_wconf 85' lang='lat' dir='ltr'><strong>constans</strong></span> <span class='ocrx_word' id='word_1_162' title='bbox 1578 1833 1845 1887; x_wconf 89' lang='lat' dir='ltr'><strong>ecclesiae</strong></span> <span class='ocrx_word' id='word_1_163' title='bbox 1872 1833 2166 1903; x_wconf 70' lang='lat' dir='ltr'><strong>doctrina„</strong></span> 
     </span>
    </p>
   </div>
   <div class='ocr_carea' id='block_1_8' title="bbox 292 1931 2649 2017">
    <p class='ocr_par' dir='ltr' id='par_1_9' title="bbox 292 1931 2649 2017">
     <span class='ocr_line' id='line_1_20' title="bbox 292 1931 2649 2017; baseline -0.001 -20"><span class='ocrx_word' id='word_1_164' title='bbox 292 1940 297 1942; x_wconf 44' lang='grc'><strong><em>’</em></strong></span> <span class='ocrx_word' id='word_1_165' title='bbox 340 1931 492 1997; x_wconf 80' lang='lat'><strong>331.</strong></span> <span class='ocrx_word' id='word_1_166' title='bbox 546 1942 701 2010; x_wconf 78' lang='lat' dir='ltr'><strong>Quae</strong></span> <span class='ocrx_word' id='word_1_167' title='bbox 751 1942 994 2013; x_wconf 85' lang='lat' dir='ltr'><strong>profecto</strong></span> <span class='ocrx_word' id='word_1_168' title='bbox 1047 1941 1469 1996; x_wconf 90' lang='lat' dir='ltr'><strong>desiderandum</strong></span> <span class='ocrx_word' id='word_1_169' title='bbox 1486 1943 1531 2015; x_wconf 84' lang='lat'><strong>⁵)</strong></span> <span class='ocrx_word' id='word_1_170' title='bbox 1583 1942 1718 1995; x_wconf 88' lang='lat' dir='ltr'><strong>nihil</strong></span> <span class='ocrx_word' id='word_1_171' title='bbox 1756 1943 2026 2015; x_wconf 90' lang='lat' dir='ltr'><strong>reliquum</strong></span> <span class='ocrx_word' id='word_1_172' title='bbox 2065 1942 2287 2017; x_wconf 87' lang='lat' dir='ltr'><strong>faciunt,</strong></span> <span class='ocrx_word' id='word_1_173' title='bbox 2304 1949 2649 1983; x_wconf 64' lang='lat' dir='ltr'><strong>Prammecclw&#39;a‘</strong></span> 
     </span>
    </p>
   </div>
   <div class='ocr_carea' id='block_1_9' title="bbox 2386 1995 2559 2027">
    <p class='ocr_par' dir='ltr' id='par_1_10' title="bbox 2386 1995 2559 2027">
     <span class='ocr_line' id='line_1_21' title="bbox 2386 1995 2559 2027; baseline 0.006 -1"><span class='ocrx_word' id='word_1_174' title='bbox 2386 1995 2559 2027; x_wconf 74' lang='lat' dir='ltr'><strong>doctrina.</strong></span> 
     </span>
    </p>
   </div>
   <div class='ocr_carea' id='block_1_10' title="bbox 196 2036 2287 2110">
    <p class='ocr_par' dir='ltr' id='par_1_11' title="bbox 196 2036 2287 2110">
     <span class='ocr_line' id='line_1_22' title="bbox 196 2036 2287 2110; baseline -0.002 -18"><span class='ocrx_word' id='word_1_175' title='bbox 196 2039 304 2092; x_wconf 88' lang='lat' dir='ltr'><strong>nisi</strong></span> <span class='ocrx_word' id='word_1_176' title='bbox 340 2045 401 2091; x_wconf 90' lang='lat' dir='ltr'><strong>ut</strong></span> <span class='ocrx_word' id='word_1_177' title='bbox 437 2043 779 2108; x_wconf 87' lang='lat' dir='ltr'><strong>praesentem</strong></span> <span class='ocrx_word' id='word_1_178' title='bbox 812 2044 1036 2108; x_wconf 84' lang='lat' dir='ltr'><strong>&#39;quoque</strong></span> <span class='ocrx_word' id='word_1_179' title='bbox 1075 2036 1340 2091; x_wconf 90' lang='lat' dir='ltr'><strong>ecclesiae</strong></span> <span class='ocrx_word' id='word_1_180' title='bbox 1379 2037 1842 2108; x_wconf 89' lang='lat' dir='ltr'><strong>praedicationem</strong></span> <span class='ocrx_word' id='word_1_181' title='bbox 1889 2047 2053 2110; x_wconf 91' lang='lat' dir='ltr'><strong>atque</strong></span> <span class='ocrx_word' id='word_1_182' title='bbox 2093 2037 2287 2090; x_wconf 87' lang='lat' dir='ltr'><strong>doctri—</strong></span> 
     </span>
    </p>
   </div>
   <div class='ocr_carea' id='block_1_11' title="bbox 197 2129 2290 2392">
    <p class='ocr_par' dir='ltr' id='par_1_12' title="bbox 197 2129 2290 2392">
     <span class='ocr_line' id='line_1_23' title="bbox 197 2129 2290 2203; baseline -0.001 -17"><span class='ocrx_word' id='word_1_183' title='bbox 197 2151 324 2186; x_wconf 90' lang='lat' dir='ltr'><strong>nam</strong></span> <span class='ocrx_word' id='word_1_184' title='bbox 361 2130 518 2185; x_wconf 89' lang='lat' dir='ltr'><strong>brevi</strong></span> <span class='ocrx_word' id='word_1_185' title='bbox 557 2130 942 2200; x_wconf 73' lang='lat' dir='ltr'><strong>significemus,</strong></span> <span class='ocrx_word' id='word_1_186' title='bbox 991 2129 1174 2202; x_wconf 88' lang='lat' dir='ltr'><strong>Atque</strong></span> <span class='ocrx_word' id='word_1_187' title='bbox 1213 2130 1320 2183; x_wconf 90' lang='lat' dir='ltr'><strong>huc</strong></span> <span class='ocrx_word' id='word_1_188' title='bbox 1357 2131 1415 2183; x_wconf 90' lang='lat' dir='ltr'><strong>in</strong></span> <span class='ocrx_word' id='word_1_189' title='bbox 1453 2131 1642 2202; x_wconf 91' lang='lat' dir='ltr'><strong>primis</strong></span> <span class='ocrx_word' id='word_1_190' title='bbox 1682 2131 1814 2184; x_wconf 90' lang='lat' dir='ltr'><strong>facit</strong></span> <span class='ocrx_word' id='word_1_191' title='bbox 1851 2131 2184 2203; x_wconf 89' lang='lat' dir='ltr'><strong>praedicatio</strong></span> <span class='ocrx_word' id='word_1_192' title='bbox 2224 2149 2290 2184; x_wconf 91' lang='lat' dir='ltr'><strong>ac</strong></span> 
     </span>
     <span class='ocr_line' id='line_1_24' title="bbox 198 2218 2289 2296; baseline -0.002 -15"><span class='ocrx_word' id='word_1_193' title='bbox 198 2227 444 2281; x_wconf 88' lang='lat' dir='ltr'><strong>doctrina</strong></span> <span class='ocrx_word' id='word_1_194' title='bbox 479 2218 736 2278; x_wconf 75' lang='lat' dir='ltr'><strong>rbmanae</strong></span> <span class='ocrx_word' id='word_1_195' title='bbox 774 2225 947 2295; x_wconf 88' lang='lat' dir='ltr'><strong>ipsius</strong></span> <span class='ocrx_word' id='word_1_196' title='bbox 999 2224 1280 2293; x_wconf 87' lang='lat' dir='ltr'><strong>ecclesiae,</strong></span> <span class='ocrx_word' id='word_1_197' title='bbox 1322 2243 1477 2296; x_wconf 91' lang='lat' dir='ltr'><strong>quae,</strong></span> <span class='ocrx_word' id='word_1_198' title='bbox 1518 2226 1598 2277; x_wconf 92' lang='lat' dir='ltr'><strong>uti</strong></span> <span class='ocrx_word' id='word_1_199' title='bbox 1637 2225 1987 2295; x_wconf 82' lang='lat' dir='ltr'><strong>ostendimus,</strong></span> <span class='ocrx_word' id='word_1_200' title='bbox 2027 2245 2137 2280; x_wconf 90' lang='lat' dir='ltr'><strong>non</strong></span> <span class='ocrx_word' id='word_1_201' title='bbox 2174 2233 2289 2278; x_wconf 88' lang='lat' dir='ltr'><strong>tan-</strong></span> 
     </span>
     <span class='ocr_line' id='line_1_25' title="bbox 197 2319 2289 2392; baseline -0.001 -17"><span class='ocrx_word' id='word_1_202' title='bbox 197 2328 312 2375; x_wconf 90' lang='lat' dir='ltr'><strong>tum</strong></span> <span class='ocrx_word' id='word_1_203' title='bbox 348 2321 619 2392; x_wconf 79' lang='lat' dir='ltr'><strong>princePS‚</strong></span> <span class='ocrx_word' id='word_1_204' title='bbox 670 2338 859 2374; x_wconf 91' lang='lat' dir='ltr'><strong>verum</strong></span> <span class='ocrx_word' id='word_1_205' title='bbox 911 2321 1076 2374; x_wconf 89' lang='lat' dir='ltr'><strong>etiam</strong></span> <span class='ocrx_word' id='word_1_206' title='bbox 1128 2319 1387 2373; x_wconf 84' lang='lat' dir='ltr'><strong>normalis</strong></span> <span class='ocrx_word' id='word_1_207' title='bbox 1439 2328 1493 2374; x_wconf 90' lang='lat' dir='ltr'><strong>et</strong></span> <span class='ocrx_word' id='word_1_208' title='bbox 1530 2319 1796 2390; x_wconf 85' lang='lat' dir='ltr'><strong>regularis</strong></span> <span class='ocrx_word' id='word_1_209' title='bbox 1837 2323 2077 2375; x_wconf 91' lang='lat' dir='ltr'><strong>omnium</strong></span> <span class='ocrx_word' id='word_1_210' title='bbox 2116 2320 2289 2374; x_wconf 90' lang='lat' dir='ltr'><strong>eccle-</strong></span> 
     </span>
    </p>
   </div>
   <div class='ocr_carea' id='block_1_12' title="bbox 137 2612 2293 2672">
    <p class='ocr_par' dir='ltr' id='par_1_13' title="bbox 137 2612 2293 2672">
     <span class='ocr_line' id='line_1_26' title="bbox 137 2612 2293 2672; baseline -0.002 -14"><span class='ocrx_word' id='word_1_211' title='bbox 137 2626 145 2630; x_wconf 76' lang='grc'><strong><em>’</em></strong></span> <span class='ocrx_word' id='word_1_212' title='bbox 202 2619 379 2672; x_wconf 87' lang='lat' dir='ltr'><strong>propter</strong></span> <span class='ocrx_word' id='word_1_213' title='bbox 410 2628 533 2656; x_wconf 85' lang='lat' dir='ltr'><strong>suam</strong></span> <span class='ocrx_word' id='word_1_214' title='bbox 562 2613 933 2669; x_wconf 78' lang='lat' dir='ltr'><strong>principalitatem</strong></span> <span class='ocrx_word' id='word_1_215' title='bbox 962 2626 1146 2654; x_wconf 87' lang='lat' dir='ltr'><strong>necesse</strong></span> <span class='ocrx_word' id='word_1_216' title='bbox 1177 2617 1245 2655; x_wconf 90' lang='lat' dir='ltr'><strong>est</strong></span> <span class='ocrx_word' id='word_1_217' title='bbox 1275 2626 1426 2655; x_wconf 89' lang='lat' dir='ltr'><strong>omnes</strong></span> <span class='ocrx_word' id='word_1_218' title='bbox 1459 2614 1694 2655; x_wconf 88' lang='lat' dir='ltr'><strong>convenire</strong></span> <span class='ocrx_word' id='word_1_219' title='bbox 1727 2612 1982 2665; x_wconf 61' lang='lat' dir='ltr'><strong>ecelesias„</strong></span> <span class='ocrx_word' id='word_1_220' title='bbox 2019 2612 2293 2663; x_wconf 78' lang='lat' dir='ltr'><strong>Quibuscum</strong></span> 
     </span>
    </p>
   </div>
   <div class='ocr_carea' id='block_1_13' title="bbox 204 2683 2292 2740">
    <p class='ocr_par' dir='ltr' id='par_1_14' title="bbox 204 2683 2292 2740">
     <span class='ocr_line' id='line_1_27' title="bbox 204 2683 2292 2740; baseline -0.002 -10"><span class='ocrx_word' id='word_1_221' title='bbox 204 2688 480 2730; x_wconf 87' lang='lat' dir='ltr'><strong>consentiunt</strong></span> <span class='ocrx_word' id='word_1_222' title='bbox 521 2686 698 2727; x_wconf 88' lang='lat' dir='ltr'><strong>comitia</strong></span> <span class='ocrx_word' id='word_1_223' title='bbox 738 2686 962 2740; x_wconf 85' lang='lat' dir='ltr'><strong>generalia</strong></span> <span class='ocrx_word' id='word_1_224' title='bbox 1002 2686 1110 2727; x_wconf 88' lang='lat' dir='ltr'><strong>cleri</strong></span> <span class='ocrx_word' id='word_1_225' title='bbox 1146 2683 1355 2740; x_wconf 85' lang='lat' dir='ltr'><strong>gallicani</strong></span> <span class='ocrx_word' id='word_1_226' title='bbox 1395 2687 1452 2728; x_wconf 89' lang='lat' dir='ltr'><strong>ad</strong></span> <span class='ocrx_word' id='word_1_227' title='bbox 1481 2687 1790 2728; x_wconf 91' lang='lat' dir='ltr'><strong>Innocentium</strong></span> <span class='ocrx_word' id='word_1_228' title='bbox 1819 2686 1875 2726; x_wconf 89' lang='lat' dir='ltr'><strong>X.</strong></span> <span class='ocrx_word' id='word_1_229' title='bbox 1908 2683 1950 2727; x_wconf 87' lang='lat'><strong>8.</strong></span> <span class='ocrx_word' id='word_1_230' title='bbox 1986 2683 2169 2727; x_wconf 86' lang='lat' dir='ltr'><strong>Calend.</strong></span> <span class='ocrx_word' id='word_1_231' title='bbox 2203 2685 2292 2727; x_wconf 86' lang='lat' dir='ltr'><strong>No-</strong></span> 
     </span>
    </p>
   </div>
   <div class='ocr_carea' id='block_1_14' title="bbox 71 2738 1128 2813">
    <p class='ocr_par' dir='ltr' id='par_1_15' title="bbox 71 2738 1128 2813">
     <span class='ocr_line' id='line_1_28' title="bbox 71 2738 1128 2813; baseline -0.005 -10"><span class='ocrx_word' id='word_1_232' title='bbox 71 2738 75 2742; x_wconf 75' lang='grc'><strong>’</strong></span> <span class='ocrx_word' id='word_1_233' title='bbox 125 2794 129 2797; x_wconf 92' lang='grc'>.</span> <span class='ocrx_word' id='word_1_234' title='bbox 202 2761 346 2804; x_wconf 70' lang='lat' dir='ltr'><strong>vemb.</strong></span> <span class='ocrx_word' id='word_1_235' title='bbox 379 2758 507 2804; x_wconf 79' lang='lat'><strong>1650.</strong></span> <span class='ocrx_word' id='word_1_236' title='bbox 540 2763 584 2810; x_wconf 64' lang='lat' dir='ltr'><strong>et</strong></span> <span class='ocrx_word' id='word_1_237' title='bbox 613 2760 659 2800; x_wconf 69' lang='lat' dir='ltr'><strong>in</strong></span> <span class='ocrx_word' id='word_1_238' title='bbox 691 2772 789 2813; x_wconf 72' lang='lat' dir='ltr'><strong>epp.</strong></span> <span class='ocrx_word' id='word_1_239' title='bbox 824 2755 952 2801; x_wconf 82' lang='lat'><strong>1653.</strong></span> <span class='ocrx_word' id='word_1_240' title='bbox 985 2758 1128 2799; x_wconf 68' lang='lat' dir='ltr'><strong>editis.</strong></span> 
     </span>
    </p>
   </div>
   <div class='ocr_carea' id='block_1_15' title="bbox 206 2828 2664 3899">
    <p class='ocr_par' dir='ltr' id='par_1_16' title="bbox 383 2828 982 2886">
     <span class='ocr_line' id='line_1_29' title="bbox 383 2828 982 2886; baseline 0 -14"><span class='ocrx_word' id='word_1_241' title='bbox 383 2830 417 2886; x_wconf 87' lang='lat'><strong>¹)</strong></span> <span class='ocrx_word' id='word_1_242' title='bbox 448 2831 616 2873; x_wconf 86' lang='lat' dir='ltr'><strong>Ibidem</strong></span> <span class='ocrx_word' id='word_1_243' title='bbox 647 2845 720 2885; x_wconf 81' lang='lat' dir='ltr'><strong>pp.</strong></span> <span class='ocrx_word' id='word_1_244' title='bbox 753 2828 851 2872; x_wconf 81' lang='lat'><strong>182.</strong></span> <span class='ocrx_word' id='word_1_245' title='bbox 884 2843 982 2884; x_wconf 87' lang='lat' dir='ltr'><strong>sqq.</strong></span> 
     </span>
    </p>

    <p class='ocr_par' dir='ltr' id='par_1_17' title="bbox 206 2902 2657 3248">
     <span class='ocr_line' id='line_1_30' title="bbox 383 2902 2657 2959; baseline -0.003 -14"><span class='ocrx_word' id='word_1_246' title='bbox 383 2904 416 2959; x_wconf 80' lang='lat'><strong>²)</strong></span> <span class='ocrx_word' id='word_1_247' title='bbox 448 2904 516 2945; x_wconf 86' lang='lat' dir='ltr'><strong>De</strong></span> <span class='ocrx_word' id='word_1_248' title='bbox 545 2907 766 2958; x_wconf 88' lang='lat' dir='ltr'><strong>postremo</strong></span> <span class='ocrx_word' id='word_1_249' title='bbox 799 2903 977 2945; x_wconf 90' lang='lat' dir='ltr'><strong>saeculo</strong></span> <span class='ocrx_word' id='word_1_250' title='bbox 1009 2907 1166 2944; x_wconf 84' lang='lat' dir='ltr'><strong>testem</strong></span> <span class='ocrx_word' id='word_1_251' title='bbox 1196 2903 1338 2944; x_wconf 83' lang='lat' dir='ltr'><strong>adfert</strong></span> <span class='ocrx_word' id='word_1_252' title='bbox 1369 2903 1433 2945; x_wconf 90' lang='lat' dir='ltr'><strong>Le</strong></span> <span class='ocrx_word' id='word_1_253' title='bbox 1457 2903 1687 2956; x_wconf 86' lang='lat' dir='ltr'><strong>Normant‚</strong></span> <span class='ocrx_word' id='word_1_254' title='bbox 1711 2903 1847 2957; x_wconf 86' lang='lat' dir='ltr'><strong>episc.</strong></span> <span class='ocrx_word' id='word_1_255' title='bbox 1868 2902 2071 2945; x_wconf 84' lang='lat' dir='ltr'><strong>lemovic.</strong></span> <span class='ocrx_word' id='word_1_256' title='bbox 2108 2902 2657 2946; x_wconf 67' lang='lat' dir='ltr'><strong>RecueilLeNormantepiac.</strong></span> 
     </span>
     <span class='ocr_line' id='line_1_31' title="bbox 206 2972 2293 3034; baseline -0.001 -16"><span class='ocrx_word' id='word_1_257' title='bbox 206 2977 283 3018; x_wconf 88' lang='lat' dir='ltr'><strong>des</strong></span> <span class='ocrx_word' id='word_1_258' title='bbox 313 2976 530 3019; x_wconf 86' lang='lat' dir='ltr'><strong>mandem.</strong></span> <span class='ocrx_word' id='word_1_259' title='bbox 563 2975 639 3016; x_wconf 87' lang='lat' dir='ltr'><strong>des</strong></span> <span class='ocrx_word' id='word_1_260' title='bbox 670 2974 796 3029; x_wconf 67' lang='lat' dir='ltr'><strong>eveq.</strong></span> <span class='ocrx_word' id='word_1_261' title='bbox 829 2980 979 3034; x_wconf 85' lang='lat' dir='ltr'><strong>contre</strong></span> <span class='ocrx_word' id='word_1_262' title='bbox 1009 2975 1055 3016; x_wconf 89' lang='lat' dir='ltr'><strong>la</strong></span> <span class='ocrx_word' id='word_1_263' title='bbox 1086 2976 1319 3016; x_wconf 87' lang='lat' dir='ltr'><strong>consultat.</strong></span> <span class='ocrx_word' id='word_1_264' title='bbox 1365 2976 1441 3017; x_wconf 86' lang='lat' dir='ltr'><strong>des</strong></span> <span class='ocrx_word' id='word_1_265' title='bbox 1483 2980 1679 3027; x_wconf 87' lang='lat' dir='ltr'><strong>avocats‚</strong></span> <span class='ocrx_word' id='word_1_266' title='bbox 1720 2976 1859 3016; x_wconf 90' lang='lat' dir='ltr'><strong>Paris.</strong></span> <span class='ocrx_word' id='word_1_267' title='bbox 1896 2972 2024 3018; x_wconf 81' lang='lat'><strong>1730.</strong></span> <span class='ocrx_word' id='word_1_268' title='bbox 2060 2975 2136 3028; x_wconf 87' lang='lat' dir='ltr'><strong>qui</strong></span> <span class='ocrx_word' id='word_1_269' title='bbox 2165 2975 2293 3016; x_wconf 83' lang='lat' dir='ltr'><strong>adfir-</strong></span> 
     </span>
     <span class='ocr_line' id='line_1_32' title="bbox 207 3047 2657 3106; baseline -0.004 -15"><span class='ocrx_word' id='word_1_270' title='bbox 207 3048 310 3106; x_wconf 80' lang='lat' dir='ltr'><strong>mat,</strong></span> <span class='ocrx_word' id='word_1_271' title='bbox 341 3049 396 3095; x_wconf 82' lang='lat' dir='ltr'><strong>de</strong></span> <span class='ocrx_word' id='word_1_272' title='bbox 425 3048 739 3089; x_wconf 81' lang='lat' dir='ltr'><strong>infallibilitate</strong></span> <span class='ocrx_word' id='word_1_273' title='bbox 769 3047 993 3102; x_wconf 88' lang='lat' dir='ltr'><strong>pontificis</strong></span> <span class='ocrx_word' id='word_1_274' title='bbox 1033 3049 1294 3089; x_wconf 89' lang='lat' dir='ltr'><strong>inmutatam</strong></span> <span class='ocrx_word' id='word_1_275' title='bbox 1335 3049 1430 3090; x_wconf 81' lang='lat' dir='ltr'><strong>&#39;esse</strong></span> <span class='ocrx_word' id='word_1_276' title='bbox 1473 3049 1735 3090; x_wconf 87' lang='lat' dir='ltr'><strong>sententiam</strong></span> <span class='ocrx_word' id='word_1_277' title='bbox 1774 3051 1818 3088; x_wconf 90' lang='lat' dir='ltr'><strong>et</strong></span> <span class='ocrx_word' id='word_1_278' title='bbox 1847 3049 2097 3090; x_wconf 87' lang='lat' dir='ltr'><strong>unanimem</strong></span> <span class='ocrx_word' id='word_1_279' title='bbox 2128 3048 2296 3102; x_wconf 88' lang='lat' dir='ltr'><strong>episco-</strong></span> <span class='ocrx_word' id='word_1_280' title='bbox 2318 3054 2536 3103; x_wconf 59' lang='lat' dir='ltr'><strong>Universalzjs</strong></span> <span class='ocrx_word' id='word_1_281' title='bbox 2580 3061 2657 3084; x_wconf 85' lang='lat' dir='ltr'><strong>con-</strong></span> 
     </span>
     <span class='ocr_line' id='line_1_33' title="bbox 208 3106 2551 3176; baseline -0 -13"><span class='ocrx_word' id='word_1_282' title='bbox 208 3135 365 3175; x_wconf 88' lang='lat' dir='ltr'><strong>porum</strong></span> <span class='ocrx_word' id='word_1_283' title='bbox 393 3122 561 3174; x_wconf 84' lang='lat' dir='ltr'><strong>Italiae,</strong></span> <span class='ocrx_word' id='word_1_284' title='bbox 594 3121 871 3175; x_wconf 82' lang='lat' dir='ltr'><strong>Germaniae,</strong></span> <span class='ocrx_word' id='word_1_285' title='bbox 903 3121 1159 3175; x_wconf 88' lang='lat' dir='ltr'><strong>Hispaniae,</strong></span> <span class='ocrx_word' id='word_1_286' title='bbox 1197 3121 1510 3176; x_wconf 85' lang='lat' dir='ltr'><strong>Portugalliae,</strong></span> <span class='ocrx_word' id='word_1_287' title='bbox 1551 3122 1823 3176; x_wconf 87' lang='lat' dir='ltr'><strong>Hungariae,</strong></span> <span class='ocrx_word' id='word_1_288' title='bbox 1863 3121 2086 3172; x_wconf 87' lang='lat' dir='ltr'><strong>Poloniae,</strong></span> <span class='ocrx_word' id='word_1_289' title='bbox 2118 3120 2298 3171; x_wconf 84' lang='lat' dir='ltr'><strong>Dalma-</strong></span> <span class='ocrx_word' id='word_1_290' title='bbox 2424 3106 2551 3129; x_wconf 47' lang='grc' dir='ltr'><strong>’πεῖθ’</strong></span> 
     </span>
     <span class='ocr_line' id='line_1_34' title="bbox 210 3194 1334 3248; baseline 0.002 -13"><span class='ocrx_word' id='word_1_291' title='bbox 210 3194 310 3246; x_wconf 86' lang='lat' dir='ltr'><strong>tiae,</strong></span> <span class='ocrx_word' id='word_1_292' title='bbox 341 3194 615 3248; x_wconf 84' lang='lat' dir='ltr'><strong>aliarumque</strong></span> <span class='ocrx_word' id='word_1_293' title='bbox 644 3198 876 3238; x_wconf 83' lang='lat' dir='ltr'><strong>terrarum.</strong></span> <span class='ocrx_word' id='word_1_294' title='bbox 1327 3238 1334 3244; x_wconf 66' lang='grc'><strong>,</strong></span> 
     </span>
    </p>

    <p class='ocr_par' dir='ltr' id='par_1_18' title="bbox 212 3262 2618 3681">
     <span class='ocr_line' id='line_1_35' title="bbox 390 3262 2618 3320; baseline -0 -14"><span class='ocrx_word' id='word_1_295' title='bbox 390 3262 425 3319; x_wconf 80' lang='lat'><strong>³)</strong></span> <span class='ocrx_word' id='word_1_296' title='bbox 457 3262 558 3309; x_wconf 79' lang='lat' dir='ltr'><strong>lnst.</strong></span> <span class='ocrx_word' id='word_1_297' title='bbox 590 3270 704 3320; x_wconf 82' lang='lat' dir='ltr'><strong>past.</strong></span> <span class='ocrx_word' id='word_1_298' title='bbox 737 3266 791 3307; x_wconf 87' lang='lat' dir='ltr'><strong>de</strong></span> <span class='ocrx_word' id='word_1_299' title='bbox 820 3266 943 3310; x_wconf 84' lang='lat' dir='ltr'><strong>infal.</strong></span> <span class='ocrx_word' id='word_1_300' title='bbox 976 3266 1062 3310; x_wconf 89' lang='grc' dir='ltr'>ΙΙΙ.</span> <span class='ocrx_word' id='word_1_301' title='bbox 1090 3280 1125 3307; x_wconf 95' lang='grc'>6.</span> <span class='ocrx_word' id='word_1_302' title='bbox 1151 3264 1222 3311; x_wconf 84' lang='grc'><strong>57.</strong></span> <span class='ocrx_word' id='word_1_303' title='bbox 1253 3265 1475 3310; x_wconf 72' lang='lat' dir='ltr'><strong>Fenelon:</strong></span> <span class='ocrx_word' id='word_1_304' title='bbox 1510 3267 1754 3320; x_wconf 87' lang='lat' dir='ltr'><strong>‚,Ecclesia,</strong></span> <span class='ocrx_word' id='word_1_305' title='bbox 1786 3267 1939 3320; x_wconf 83' lang='lat' dir='ltr'><strong>inquit,</strong></span> <span class='ocrx_word' id='word_1_306' title='bbox 1962 3265 2083 3306; x_wconf 89' lang='lat' dir='ltr'><strong>nullo</strong></span> <span class='ocrx_word' id='word_1_307' title='bbox 2105 3278 2299 3319; x_wconf 82' lang='lat' dir='ltr'><strong>unquam</strong></span> <span class='ocrx_word' id='word_1_308' title='bbox 2402 3267 2565 3303; x_wconf 68' lang='lat' dir='ltr'><strong>Felne&#39;lon.</strong></span> <span class='ocrx_word' id='word_1_309' title='bbox 2616 3296 2618 3298; x_wconf 26' lang='grc' dir='ltr'>ψ</span> 
     </span>
     <span class='ocr_line' id='line_1_36' title="bbox 212 3337 2298 3391; baseline -0 -13"><span class='ocrx_word' id='word_1_310' title='bbox 212 3337 387 3378; x_wconf 82' lang='lat' dir='ltr'><strong>decreto</strong></span> <span class='ocrx_word' id='word_1_311' title='bbox 431 3349 638 3390; x_wconf 84' lang='lat' dir='ltr'><strong>expresso</strong></span> <span class='ocrx_word' id='word_1_312' title='bbox 683 3337 950 3391; x_wconf 88' lang='lat' dir='ltr'><strong>declaravit,</strong></span> <span class='ocrx_word' id='word_1_313' title='bbox 997 3352 1044 3379; x_wconf 89' lang='lat' dir='ltr'><strong>se</strong></span> <span class='ocrx_word' id='word_1_314' title='bbox 1089 3352 1185 3380; x_wconf 90' lang='lat' dir='ltr'><strong>esse</strong></span> <span class='ocrx_word' id='word_1_315' title='bbox 1231 3339 1530 3391; x_wconf 84' lang='lat' dir='ltr'><strong>infallibilem3</strong></span> <span class='ocrx_word' id='word_1_316' title='bbox 1578 3340 1693 3381; x_wconf 82' lang='lat' dir='ltr'><strong>hanc</strong></span> <span class='ocrx_word' id='word_1_317' title='bbox 1735 3340 1942 3381; x_wconf 88' lang='lat' dir='ltr'><strong>continuo</strong></span> <span class='ocrx_word' id='word_1_318' title='bbox 1994 3338 2298 3379; x_wconf 89' lang='lat' dir='ltr'><strong>auctoritatem</strong></span> 
     </span>
     <span class='ocr_line' id='line_1_37' title="bbox 213 3409 2301 3465; baseline -0 -15"><span class='ocrx_word' id='word_1_319' title='bbox 213 3409 587 3451; x_wconf 84' lang='lat' dir='ltr'><strong>fundamentalem</strong></span> <span class='ocrx_word' id='word_1_320' title='bbox 617 3423 863 3464; x_wconf 84' lang='lat' dir='ltr'><strong>supponere</strong></span> <span class='ocrx_word' id='word_1_321' title='bbox 894 3410 1036 3451; x_wconf 90' lang='lat' dir='ltr'><strong>eidem</strong></span> <span class='ocrx_word' id='word_1_322' title='bbox 1069 3411 1245 3461; x_wconf 89' lang='lat' dir='ltr'><strong>sufficit,</strong></span> <span class='ocrx_word' id='word_1_323' title='bbox 1280 3425 1464 3465; x_wconf 89' lang='lat' dir='ltr'><strong>eamque</strong></span> <span class='ocrx_word' id='word_1_324' title='bbox 1497 3415 1650 3453; x_wconf 88' lang='lat' dir='ltr'><strong>contra</strong></span> <span class='ocrx_word' id='word_1_325' title='bbox 1689 3412 1788 3452; x_wconf 91' lang='lat' dir='ltr'><strong>illos</strong></span> <span class='ocrx_word' id='word_1_326' title='bbox 1822 3423 2027 3452; x_wconf 84' lang='lat' dir='ltr'><strong>exercere</strong></span> <span class='ocrx_word' id='word_1_327' title='bbox 2058 3411 2192 3463; x_wconf 89' lang='lat' dir='ltr'><strong>ipsos,</strong></span> <span class='ocrx_word' id='word_1_328' title='bbox 2226 3410 2301 3462; x_wconf 90' lang='lat' dir='ltr'><strong>qui</strong></span> 
     </span>
     <span class='ocr_line' id='line_1_38' title="bbox 216 3482 2300 3538; baseline -0 -16"><span class='ocrx_word' id='word_1_329' title='bbox 216 3482 400 3523; x_wconf 78' lang='lat' dir='ltr'><strong>eandem</strong></span> <span class='ocrx_word' id='word_1_330' title='bbox 429 3482 476 3522; x_wconf 89' lang='lat' dir='ltr'><strong>in</strong></span> <span class='ocrx_word' id='word_1_331' title='bbox 506 3482 687 3523; x_wconf 89' lang='lat' dir='ltr'><strong>dubium</strong></span> <span class='ocrx_word' id='word_1_332' title='bbox 715 3496 875 3524; x_wconf 83' lang='lat' dir='ltr'><strong>vocare</strong></span> <span class='ocrx_word' id='word_1_333' title='bbox 905 3485 1003 3524; x_wconf 87' lang='lat' dir='ltr'><strong>ausi</strong></span> <span class='ocrx_word' id='word_1_334' title='bbox 1032 3483 1219 3538; x_wconf 72' lang='lat' dir='ltr'><strong>fuerint3</strong></span> <span class='ocrx_word' id='word_1_335' title='bbox 1251 3487 1385 3536; x_wconf 86' lang='lat' dir='ltr'><strong>atque</strong></span> <span class='ocrx_word' id='word_1_336' title='bbox 1407 3483 1517 3524; x_wconf 89' lang='lat' dir='ltr'><strong>haec</strong></span> <span class='ocrx_word' id='word_1_337' title='bbox 1549 3488 1755 3525; x_wconf 87' lang='lat' dir='ltr'><strong>constans</strong></span> <span class='ocrx_word' id='word_1_338' title='bbox 1785 3484 1933 3537; x_wconf 85' lang='lat' dir='ltr'><strong>praxis</strong></span> <span class='ocrx_word' id='word_1_339' title='bbox 1965 3486 2031 3524; x_wconf 88' lang='lat' dir='ltr'><strong>est</strong></span> <span class='ocrx_word' id='word_1_340' title='bbox 2062 3482 2300 3523; x_wconf 89' lang='lat' dir='ltr'><strong>declaratio</strong></span> 
     </span>
     <span class='ocr_line' id='line_1_39' title="bbox 218 3553 2298 3611; baseline 0 -17"><span class='ocrx_word' id='word_1_341' title='bbox 218 3553 437 3606; x_wconf 86' lang='lat' dir='ltr'><strong>continua,</strong></span> <span class='ocrx_word' id='word_1_342' title='bbox 471 3566 602 3608; x_wconf 90' lang='lat' dir='ltr'><strong>quam</strong></span> <span class='ocrx_word' id='word_1_343' title='bbox 633 3555 823 3596; x_wconf 85' lang='lat' dir='ltr'><strong>ecclesia</strong></span> <span class='ocrx_word' id='word_1_344' title='bbox 852 3556 978 3596; x_wconf 90' lang='lat' dir='ltr'><strong>nobis</strong></span> <span class='ocrx_word' id='word_1_345' title='bbox 1011 3555 1065 3596; x_wconf 91' lang='lat' dir='ltr'><strong>de</strong></span> <span class='ocrx_word' id='word_1_346' title='bbox 1096 3556 1357 3596; x_wconf 88' lang='lat' dir='ltr'><strong>auctoritate</strong></span> <span class='ocrx_word' id='word_1_347' title='bbox 1384 3569 1465 3597; x_wconf 89' lang='lat' dir='ltr'><strong>sua</strong></span> <span class='ocrx_word' id='word_1_348' title='bbox 1483 3557 1707 3598; x_wconf 87' lang='lat' dir='ltr'><strong>infallibili</strong></span> <span class='ocrx_word' id='word_1_349' title='bbox 1736 3557 2006 3611; x_wconf 84' lang='lat' dir='ltr'><strong>proposuit.,‚</strong></span> <span class='ocrx_word' id='word_1_350' title='bbox 2039 3555 2077 3595; x_wconf 82' lang='lat' dir='ltr'>A</span> <span class='ocrx_word' id='word_1_351' title='bbox 2098 3555 2208 3609; x_wconf 86' lang='lat' dir='ltr'><strong>pari.</strong></span> <span class='ocrx_word' id='word_1_352' title='bbox 2231 3553 2298 3595; x_wconf 84' lang='lat' dir='ltr'><strong>Cf.</strong></span> 
     </span>
     <span class='ocr_line' id='line_1_40' title="bbox 217 3625 950 3681; baseline 0.001 -14"><span class='ocrx_word' id='word_1_353' title='bbox 217 3625 425 3668; x_wconf 88' lang='lat' dir='ltr'><strong>Ballerin.</strong></span> <span class='ocrx_word' id='word_1_354' title='bbox 456 3627 647 3681; x_wconf 85' lang='lat' dir='ltr'><strong>append.</strong></span> <span class='ocrx_word' id='word_1_355' title='bbox 679 3627 733 3667; x_wconf 88' lang='lat' dir='ltr'><strong>de</strong></span> <span class='ocrx_word' id='word_1_356' title='bbox 762 3626 950 3672; x_wconf 78' lang='lat' dir='ltr'><strong>infallib.</strong></span> 
     </span>
    </p>

    <p class='ocr_par' dir='ltr' id='par_1_19' title="bbox 218 3697 2664 3827">
     <span class='ocr_line' id='line_1_41' title="bbox 398 3697 2639 3753; baseline 0 -13"><span class='ocrx_word' id='word_1_357' title='bbox 398 3697 430 3751; x_wconf 88' lang='lat'><strong>⁴)</strong></span> <span class='ocrx_word' id='word_1_358' title='bbox 466 3698 591 3749; x_wconf 86' lang='lat' dir='ltr'><strong>Fide,</strong></span> <span class='ocrx_word' id='word_1_359' title='bbox 623 3699 697 3752; x_wconf 89' lang='lat' dir='ltr'><strong>ait,</strong></span> <span class='ocrx_word' id='word_1_360' title='bbox 729 3712 818 3740; x_wconf 93' lang='lat' dir='ltr'><strong>non</strong></span> <span class='ocrx_word' id='word_1_361' title='bbox 848 3698 1075 3752; x_wconf 84' lang='lat' dir='ltr'><strong>catholica,</strong></span> <span class='ocrx_word' id='word_1_362' title='bbox 1120 3702 1273 3753; x_wconf 85' lang='lat' dir='ltr'><strong>utpote</strong></span> <span class='ocrx_word' id='word_1_363' title='bbox 1318 3699 1478 3742; x_wconf 82' lang='lat' dir='ltr'><strong>diserte</strong></span> <span class='ocrx_word' id='word_1_364' title='bbox 1526 3713 1614 3742; x_wconf 93' lang='lat' dir='ltr'><strong>non</strong></span> <span class='ocrx_word' id='word_1_365' title='bbox 1659 3700 1895 3752; x_wconf 88' lang='lat' dir='ltr'><strong>declarata,</strong></span> <span class='ocrx_word' id='word_1_366' title='bbox 1942 3699 2020 3741; x_wconf 88' lang='lat' dir='ltr'><strong>sed</strong></span> <span class='ocrx_word' id='word_1_367' title='bbox 2050 3699 2299 3753; x_wconf 85' lang='lat' dir='ltr'><strong>christiana,</strong></span> <span class='ocrx_word' id='word_1_368' title='bbox 2341 3702 2451 3734; x_wconf 78' lang='lat' dir='ltr'><strong>Fidee</strong></span> <span class='ocrx_word' id='word_1_369' title='bbox 2468 3701 2639 3752; x_wconf 64' lang='grc' dir='ltr'><strong><em>εαίἶιοζίσα</em></strong></span> 
     </span>
     <span class='ocr_line' id='line_1_42' title="bbox 218 3746 2664 3827; baseline 0 -15"><span class='ocrx_word' id='word_1_370' title='bbox 218 3774 371 3826; x_wconf 85' lang='lat' dir='ltr'><strong>utpote</strong></span> <span class='ocrx_word' id='word_1_371' title='bbox 401 3770 618 3812; x_wconf 85' lang='lat' dir='ltr'><strong>revelata:</strong></span> <span class='ocrx_word' id='word_1_372' title='bbox 655 3785 768 3825; x_wconf 88' lang='lat' dir='ltr'><strong>quae</strong></span> <span class='ocrx_word' id='word_1_373' title='bbox 799 3770 977 3825; x_wconf 89' lang='lat' dir='ltr'><strong>quidem</strong></span> <span class='ocrx_word' id='word_1_374' title='bbox 1008 3771 1229 3812; x_wconf 84' lang='lat' dir='ltr'><strong>distinctio</strong></span> <span class='ocrx_word' id='word_1_375' title='bbox 1261 3774 1328 3812; x_wconf 85' lang='lat' dir='ltr'><strong>est</strong></span> <span class='ocrx_word' id='word_1_376' title='bbox 1356 3771 1575 3827; x_wconf 88' lang='lat' dir='ltr'><strong>theologis</strong></span> <span class='ocrx_word' id='word_1_377' title='bbox 1607 3758 1966 3826; x_wconf 84' lang='lat' dir='ltr'><strong>compertissima.</strong></span> <span class='ocrx_word' id='word_1_378' title='bbox 2316 3746 2445 3786; x_wconf 71' lang='lat' dir='ltr'><strong>etfidaeae</strong></span> <span class='ocrx_word' id='word_1_379' title='bbox 2455 3746 2664 3779; x_wconf 75' lang='lat' dir='ltr'><strong>ehmtzana.</strong></span> 
     </span>
    </p>

    <p class='ocr_par' dir='ltr' id='par_1_20' title="bbox 402 3842 2304 3899">
     <span class='ocr_line' id='line_1_43' title="bbox 402 3842 2304 3899; baseline 0.001 -15"><span class='ocrx_word' id='word_1_380' title='bbox 402 3842 438 3898; x_wconf 91' lang='lat'><strong>⁵)</strong></span> <span class='ocrx_word' id='word_1_381' title='bbox 470 3843 606 3885; x_wconf 86' lang='lat' dir='ltr'><strong>Addit</strong></span> <span class='ocrx_word' id='word_1_382' title='bbox 634 3847 783 3886; x_wconf 89' lang='lat' dir='ltr'><strong>tamen</strong></span> <span class='ocrx_word' id='word_1_383' title='bbox 812 3843 933 3884; x_wconf 90' lang='lat' dir='ltr'><strong>aliud</strong></span> <span class='ocrx_word' id='word_1_384' title='bbox 972 3843 1134 3884; x_wconf 86' lang='lat' dir='ltr'><strong>ibidem</strong></span> <span class='ocrx_word' id='word_1_385' title='bbox 1174 3843 1227 3884; x_wconf 85' lang='lat' dir='ltr'><strong>de</strong></span> <span class='ocrx_word' id='word_1_386' title='bbox 1259 3844 1412 3885; x_wconf 85' lang='lat' dir='ltr'><strong>eadem</strong></span> <span class='ocrx_word' id='word_1_387' title='bbox 1442 3859 1490 3886; x_wconf 90' lang='lat' dir='ltr'><strong>re</strong></span> <span class='ocrx_word' id='word_1_388' title='bbox 1521 3845 1793 3899; x_wconf 88' lang='lat' dir='ltr'><strong>opusculum,</strong></span> <span class='ocrx_word' id='word_1_389' title='bbox 1829 3858 1915 3898; x_wconf 88' lang='lat' dir='ltr'><strong>quo</strong></span> <span class='ocrx_word' id='word_1_390' title='bbox 1948 3858 2126 3885; x_wconf 85' lang='lat' dir='ltr'><strong>causam</strong></span> <span class='ocrx_word' id='word_1_391' title='bbox 2155 3848 2304 3886; x_wconf 84' lang='lat' dir='ltr'><strong>tuetur</strong></span> 
     </span>
    </p>
   </div>
   <div class='ocr_carea' id='block_1_16' title="bbox 222 3917 2304 4044">
    <p class='ocr_par' dir='ltr' id='par_1_21' title="bbox 222 3917 2304 4044">
     <span class='ocr_line' id='line_1_44' title="bbox 222 3917 2304 3970; baseline 0 -13"><span class='ocrx_word' id='word_1_392' title='bbox 222 3928 277 3958; x_wconf 83' lang='lat' dir='ltr'><strong>ex</strong></span> <span class='ocrx_word' id='word_1_393' title='bbox 306 3917 492 3959; x_wconf 87' lang='lat' dir='ltr'><strong>concilio</strong></span> <span class='ocrx_word' id='word_1_394' title='bbox 521 3917 791 3970; x_wconf 87' lang='lat' dir='ltr'><strong>Florentino,</strong></span> <span class='ocrx_word' id='word_1_395' title='bbox 822 3917 1191 3970; x_wconf 84' lang='lat' dir='ltr'><strong>exceptionesque</strong></span> <span class='ocrx_word' id='word_1_396' title='bbox 1237 3917 1329 3958; x_wconf 88' lang='lat' dir='ltr'><strong>sive</strong></span> <span class='ocrx_word' id='word_1_397' title='bbox 1359 3918 1415 3959; x_wconf 85' lang='lat' dir='ltr'><strong>ab</strong></span> <span class='ocrx_word' id='word_1_398' title='bbox 1446 3918 1635 3959; x_wconf 88' lang='lat' dir='ltr'><strong>Honorii</strong></span> <span class='ocrx_word' id='word_1_399' title='bbox 1674 3917 1865 3958; x_wconf 83' lang='lat' dir='ltr'><strong>falsitate</strong></span> <span class='ocrx_word' id='word_1_400' title='bbox 1898 3918 1991 3958; x_wconf 86' lang='lat' dir='ltr'><strong>sive</strong></span> <span class='ocrx_word' id='word_1_401' title='bbox 2021 3917 2077 3958; x_wconf 92' lang='lat' dir='ltr'><strong>ab</strong></span> <span class='ocrx_word' id='word_1_402' title='bbox 2109 3917 2304 3958; x_wconf 83' lang='lat' dir='ltr'><strong>conciliis</strong></span> 
     </span>
     <span class='ocr_line' id='line_1_45' title="bbox 223 3989 1100 4044; baseline -0.001 -13"><span class='ocrx_word' id='word_1_403' title='bbox 223 3989 539 4032; x_wconf 82' lang='lat' dir='ltr'><strong>constantiensi</strong></span> <span class='ocrx_word' id='word_1_404' title='bbox 569 3994 612 4032; x_wconf 88' lang='lat' dir='ltr'><strong>et</strong></span> <span class='ocrx_word' id='word_1_405' title='bbox 640 3990 878 4032; x_wconf 87' lang='lat' dir='ltr'><strong>basileensi</strong></span> <span class='ocrx_word' id='word_1_406' title='bbox 908 3989 1100 4044; x_wconf 89' lang='lat' dir='ltr'><strong>depellit.</strong></span> 
     </span>
    </p>
   </div>
   <div class='ocr_carea' id='block_1_17' title="bbox 1952 4074 2044 4120">
    <p class='ocr_par' dir='ltr' id='par_1_22' title="bbox 1952 4074 2044 4120">
     <span class='ocr_line' id='line_1_46' title="bbox 1952 4074 2044 4120; baseline 0 -17"><span class='ocrx_word' id='word_1_407' title='bbox 1952 4074 2044 4120; x_wconf 72' lang='lat'><strong>40*</strong></span> 
     </span>
    </p>
   </div>
  </div>
 </body>
</html>
