2716 4446
1387 227 1737 289 -182—

178 381 377 414 noodorm
399 382 489 414 acad.
524 366 784 420 excludit.
823 366 896 419 Et
934 366 1182 422 excludit
1217 370 1422 440 pariter
1457 371 1777 426 Theodorus
1816 374 2018 428 studita
2036 374 2080 447 ¹)
2120 375 2398 430 scribens&
2435 376 2606 447 „Tibi

522 461 662 514 dixit
701 460 949 515 Christus
986 461 1143 515 Deus
1181 471 1401 518 noster:
1455 465 1530 519 Et
1584 475 1644 520 tu
1702 466 1995 539 aliquando
2053 488 2350 524 conversus
2407 472 2598 526 confir-

519 556 693 609 mabis
720 557 764 628 2)
805 556 997 610 fratres
1036 565 1176 610 tuos.
1233 557 1380 612 Ecce
1419 566 1653 632 tempus,
1710 580 1840 616 ecce
1880 562 2060 617 locus:
2119 563 2384 635 opitulare
2421 564 2601 635 nobis,

519 651 613 720 qui
651 668 709 702 es
748 669 781 702 a
818 650 940 703 Deo
1000 651 1071 704 ad
1125 650 1229 704 hoc
1287 652 1620 723 ordinatus„
1688 654 1912 709 Scilicet
1967 657 2134 710 refert
2183 664 2239 711 et
2274 659 2392 730 ipse
2429 657 2600 712 verba
2661 715 2668 720 ,

518 744 741 797 Domini
781 745 849 797 ad
889 744 1024 798 illud
1065 744 1301 799 Simonis
1341 747 1593 817 stadium,
1634 766 1739 820 quo
1767 749 1913 802 idcm
1940 751 2306 820 confirmatuS,
2344 759 2404 806 ut
2429 753 2599 822 aiunt,

518 838 574 889 in
613 839 788 907 gratia
826 856 1067 909 vereque
1105 838 1302 892 Petrus
1349 842 1642 910 exsistens,
1681 843 1994 896 universam
2034 843 2143 897 Dei
2182 844 2474 899 ecclesiam
2509 846 2597 899 fir-

518 933 702 986 mitate
743 952 839 986 sua
879 933 1291 987 confirmaturus
1331 943 1490 989 esset.
1532 936 1643 990 Sed
1679 937 1823 990 idem
1863 945 2013 992 vetat
2049 939 2274 1010 insuper

691 1029 741 1083 6.
780 1026 987 1095 ἀκριβὴς
1025 1036 1330 1100 exactaque
1370 1031 1674 1085 dominicae
1712 1032 1929 1103 phrasis
1979 1035 2242 1104 acceptio,
2303 1034 2597 1088 Enimvero

519 1121 973 1193 quemadmodum
1029 1122 1183 1175 fusae
1241 1143 1273 1176 a
1328 1124 1490 1197 Petro
1530 1134 1654 1196 post
1709 1125 1924 1197 lapsum
1962 1126 2254 1198 lacrymae,
2293 1127 2360 1180 de
2400 1127 2597 1200 quibus

519 1228 750 1288 quatuor
771 1217 815 1288 3)
873 1216 1261 1287 evangelistae,
1320 1219 1660 1286 μετονοήσεως
1716 1222 1898 1290 potius
1937 1239 2099 1292 quam
2140 1225 2443 1289 ἐπιστροφῆς
2479 1241 2597 1294 pro·

517 1315 801 1383 prietatem
841 1312 1107 1366 haberent
1118 1336 1133 1388 3
1173 1314 1250 1367 ita
1287 1314 1518 1368 verbum
1560 1317 1866 1381 ἐπιστρέφειν
1905 1315 1972 1369 (16
2012 1317 2365 1370 conversione
2403 1313 2597 1371 morali·

515 1410 572 1462 in
609 1410 675 1462 N.
715 1409 778 1461 T.
818 1411 916 1463 vix
953 1409 1256 1478 adhibetur,
1304 1412 1436 1482 quin
1472 1409 1564 1463 vel
1601 1410 1761 1481 plene
1800 1409 2109 1482 diserteque
2147 1411 2315 1465 verbo
2331 1411 2378 1482 ⁴)
2417 1411 2603 1475 eidem,

516 1504 748 1558 addatur
785 1505 893 1575 „ad
930 1505 1231 1559 Dominum
1271 1508 1386 1559 sive
1426 1506 1645 1575 Deum„
1684 1505 1774 1559 vel
1814 1524 1887 1559 ex
1922 1514 2034 1560 toto
2075 1514 2333 1560 contextu
2356 1506 2400 1577 ⁵)
2437 1505 2594 1560 intel·

516 1599 731 1670 ligatur,
771 1618 878 1652 non
918 1618 1039 1653 esse
1080 1618 1385 1653 sermonem
1443 1600 1550 1652 nisi
1610 1599 1677 1652 de
1718 1600 2074 1653 conversione
2114 1618 2252 1672 quae
2291 1599 2472 1653 ethica
2508 1598 2593 1654 sit.

515 1693 820 1766 Utrumque
860 1711 1020 1764 porro
1059 1693 1116 1746 in
1155 1693 1259 1746 hoc
1288 1692 1493 1746 Christi
1532 1692 1775 1763 oracu10‚
1815 1712 1920 1765 quo
1960 1693 2027 1747 de
2054 1696 2249 1764 agitur,
2288 1703 2474 1765 aperte
2500 1694 2593 1748 de-

517 1788 815 1857 sideratur3
854 1806 983 1859 ergo
1024 1787 1283 1841 suadetur
1321 1788 1557 1856 omnino,
1597 1789 1876 1841 notionem
1900 1789 1957 1840 in
1983 1806 2047 1841 60
2073 1786 2224 1841 illam
2262 1788 2593 1860 singularem

515 1889 678 1954 atque
716 1881 950 1936 ethicam
988 1900 1021 1934 a
1056 1881 1346 1953 participio
1387 1882 1692 1949 ἐπιστρέψας
1730 1880 1954 1951 abesse3
2001 1881 2179 1935 eidem
2230 1890 2411 1936 autem
2449 1901 2591 1936 com-

513 1977 816 2031 muniorem
843 1984 1006 2048 atque
1032 1975 1316 2047 vulgarem
1345 1975 1589 2029 subesse.
1617 1975 1654 2029 J
1656 1994 1876 2030 amvero
1906 1977 2243 2030 communior
2266 1975 2404 2030 haec
2429 1983 2592 2049 atque

512 2071 756 2142 vulgaris
795 2090 858 2126 60
896 2071 1148 2142 pertinet,
1188 2079 1249 2124 ut
1286 2070 1639 2124 directionem
1695 2069 1966 2141 significet
2003 2070 2117 2123 sive
2157 2078 2435 2124 externam
2475 2051 2592 2126 sive

508 2166 793 2239 internam,
832 2185 940 2237 qua
977 2165 1098 2237 quis
1139 2166 1255 2219 sive
1294 2183 1522 2236 corpore
1563 2166 1679 2218 sive
1718 2171 1898 2217 mente
1938 2164 2228 2236 animoque
2265 2183 2456 2218 versus
2494 2163 2590 2218 ali-

510 2261 655 2332 quid·
679 2279 777 2314 seu
815 2260 884 2313 ad
919 2259 1127 2331 aliquid
1163 2258 1396 2312 reflectit
1433 2278 1610 2331 eoque
1650 2265 1823 2311 semet
1860 2260 2144 2312 convertit.
2185 2258 2346 2326 Quod
2371 2259 2592 2330 quidem

511 2357 558 2409 si
595 2356 651 2409 in
676 2355 771 2408 illa
795 2354 1020 2408 Domini
1058 2354 1129 2407 ad
1153 2353 1372 2408 Petrum
1403 2354 1674 2407 sententia
1698 2345 2012 2419 retineatur,
2039 2351 2176 2404 nihil
2212 2351 2297 2405 his
2337 2352 2593 2423 spectatis

508 2450 691 2504 verbis
730 2450 944 2505 clarius.
977 2449 1068 2502 Ex
1105 2449 1291 2519 phrasi
1316 2466 1551 2519 namque
1579 2448 1870 2501 coniuncta
1908 2447 2153 2514 στηρίζειν
2190 2445 2306 2505 τούς
2344 2445 2594 2515 ἀδελφούς

510 2564 601 2595 σου
655 2544 926 2598 indicatur
982 2544 1264 2615 evidenter
1318 2543 1544 2596 directio
1601 2561 1794 2596 versus
1849 2541 2088 2612 reliquos
2126 2540 2450 2615 Apostolos;
2490 2542 2593 2596 fuit

511 2658 639 2710 ergo
679 2638 871 2692 Petrus
928 2657 961 2690 a
996 2637 1234 2691 Domino
1292 2636 1362 2691 ad
1418 2636 1612 2690 fratres
1671 2655 1798 2690 suos
1858 2622 2029 2689 semet
2065 2641 2246 2687 mente
2285 2634 2590 2707 animoque,
2650 2649 2653 2651 ’

511 2752 642 2786 cura
679 2752 743 2785 ac
782 2730 1147 2785 sollicitudine
1209 2738 1529 2786 convertere.
1582 2730 1779 2791 iussim,
1837 2737 1897 2782 ut
1953 2729 2173 2782 eosdem
2209 2736 2452 2806 tempore
2490 2729 2590 2782 cri-

509 2825 772 2879 brationis
812 2824 1156 2878 confirmaret
1194 2831 1358 2895 atque
1397 2830 1656 2877 tueretur..
1699 2822 1808 2876 Sed
1846 2821 1982 2875 nihil
2020 2823 2181 2876 etiam
2218 2821 2322 2876 hoc
2348 2829 2591 2894 spectata

509 2921 803 2974 incisorum
858 2919 1165 2973 redditione
1203 2917 1574 2990 praeclarius:
1626 2916 1885 2970 videlicet
1951 2934 2249 2971 conversus
2298 2915 2523 2987 respicit
2543 2915 2590 2987 ⁶)

695 3097 721 3154 ¹)
754 3100 835 3153 Ep.
866 3098 967 3140 XII.
999 3097 1056 3138 ad
1084 3095 1344 3137 Paschalem
1374 3095 1540 3136 Romae
1570 3107 1643 3148 ap.
1675 3094 1815 3147 Mign.
1847 3106 1914 3146 gr.
1945 3093 2032 3133 ΡΡ.
2055 3097 2087 3136 t.
2123 3092 2190 3135 99.
2224 3107 2266 3148 p.
2301 3091 2427 3136 1153.
2460 3089 2591 3150 Πρὸς
2638 3096 2645 3099 ”

511 3171 557 3212 σὲ
581 3170 725 3227 εἴρηκε
749 3167 952 3227 Χριστός
982 3165 1008 3210 ὁ
1033 3164 1142 3211 θεὸς
1171 3164 1304 3222 ἡμῶν·
1337 3164 1414 3206 καὶ
1445 3161 1500 3206 σύ
1530 3164 1646 3206 ποτὲ
1679 3164 1953 3219 ἐπιστρέψας·
1984 3162 2207 3220 στηρίξας
2235 3161 2345 3208 τούς
2366 3159 2592 3212 ἀδελφούς

511 3258 607 3286 σου.
644 3238 733 3284 Ἴδε
775 3238 798 3283 ὁ
843 3239 1013 3298 χρόνος
1058 3239 1134 3280 καὶ
1174 3235 1198 3280 ὁ
1237 3235 1402 3282 τόπος.
1446 3234 1684 3292 βοήθησον
1725 3232 1823 3291 ἡμῖν
1865 3232 1889 3278 ὁ
1923 3232 2015 3278 ὑπὸ
2049 3235 2137 3278 τοῦ
2168 3237 2284 3278 θεοῦ
2314 3238 2589 3288 τεταγμένος

512 3313 575 3359 εἰς
603 3316 759 3357 τοῦτο.

685 3387 719 3442 ²)
750 3388 917 3428 Futuro
961 3386 1045 3428 1106
1091 3385 1269 3426 definito
1315 3383 1535 3424 indicatur
1563 3396 1653 3424 non
1682 3382 1812 3423 modo
1842 3379 2086 3423 iniunctum
2115 3383 2247 3424 Petro
2278 3382 2482 3434 officium,
2513 3381 2590 3424 sed
2631 3429 2637 3438 ,Ἴ

512 3460 707 3501 eiusdem
738 3472 912 3513 quoque
945 3462 1066 3499 certa
1096 3471 1176 3498 suo
1206 3462 1402 3511 tempore
1434 3456 1639 3510 expletiO.

689 3530 722 3586 ³)
753 3531 911 3573 Matth.
942 3531 1106 3574 XXVI.
1139 3528 1210 3573 69.
1244 3543 1339 3584 sqq.
1370 3530 1507 3570 Marc.
1540 3529 1660 3571 XIV.
1695 3526 1764 3572 66.
1795 3541 1890 3582 sqq.
1921 3528 2030 3571 Luc.
2056 3527 2199 3572 XXII.
2224 3526 2297 3571 54.
2330 3540 2428 3582 sqq.
2457 3527 2589 3569 Joan.

511 3603 735 3730 XVm&1
739 3603 867 3721 560111
871 3618 958 3721 qn.
991 3675 1091 3719 cor
1122 3675 1201 3716 1n
1238 3673 1305 3716 16.
1347 3673 1445 3718 Aet.
1490 3673 1571 3717 1x
1602 3671 1674 3715 35
1707 3673 1786 3716 x1.
1827 3671 1901 3716 21
1934 3673 2056 3717 X1v
2098 3672 2168 3718 15
2199 3673 2256 3715 ει.
2291 3670 2360 3716 14.
2390 3671 2487 3714 xv.
2519 3670 2587 3715 19.

512 3749 674 3793 XXVI.
707 3747 778 3791 20.
814 3749 849 3791 I.
881 3748 975 3791 Pet.
1008 3748 1062 3788 ΙΙ.
1095 3746 1168 3789 25.
1199 3747 1320 3787 alibi.

690 3821 722 3875 5)
755 3821 865 3866 Con.
896 3822 998 3864 Isai.
1031 3821 1106 3863 VI.
1140 3819 1210 3863 10.
1242 3818 1399 3862 Matth.
1432 3818 1557 3860 XIII.
1603 3816 1673 3861 15.
1715 3817 1853 3858 Marc.
1885 3816 1960 3861 IV.
1998 3815 2062 3858 12.
2093 3816 2224 3860 Joan.
2255 3815 2356 3858 XII.
2388 3813 2458 3859 40.
2489 3814 2587 3857 Act.

513 3893 594 3936 ΙΙΙ.
628 3892 698 3937 19.
738 3892 1047 3936 XXV11L27.

691 3963 724 4020 ⁶)
755 3965 876 4006 Nihil
922 3978 1027 4006 sane
1074 3965 1121 4005 in
1167 3963 1403 4018 Scripturis
1447 3962 1733 4016 frequentius,
1765 3974 1896 4016 quam
1924 3965 1976 4002 ut
2012 3961 2148 4003 verbo
2178 3959 2408 4014 respicere,
2439 3957 2589 4000 divina

515 4050 620 4092 erga
653 4041 875 4080 creaturas
905 4029 1195 4094 providentia,
1227 4049 1332 4077 cura
1361 4039 1494 4089 atque
1524 4033 1700 4076 dilectio
1732 4033 1852 4088 (vide
1881 4033 1942 4075 'sis
1971 4033 2025 4074 de
2047 4044 2246 4087 praerog.
2279 4044 2313 4074 ε.
2343 4031 2438 4074 Pet.
2468 4030 2502 4076 l.
2527 4031 2589 4075 ΙΙ.
