2626 4432
96 343 313 379 Haeretici.

116 1719 318 1765 mim-qia.

46 3238 250 3283 Agnomen
290 3247 359 3273 ro-

141 3291 260 3324 mam.

1208 163 1530 220 ..6,-

499 334 544 386 6.
583 330 727 393 Quae
766 326 972 395 quidem
1009 323 1285 392 persuasio
1323 326 1498 373 tantas
1551 320 1606 371 in
1654 316 1838 370 animis
1876 313 2158 366 vetustatis
2196 314 2410 368 radices

356 430 569 492 egerat,
607 430 664 474 ut
700 420 788 472 vel
823 420 1006 470 hostes
1032 415 1136 483 ipsi
1162 414 1468 479 suffragium
1507 412 1583 463 illi
1622 406 2001 478 praestiterint.
2061 403 2208 457 Sane
2245 422 2409 474 prae-

355 523 436 568 ter
471 513 815 583 pelagianOS‚
855 509 922 560 de
959 509 1146 575 quibus
1185 505 1543 572 Augustinum
1585 504 1884 570 loquentem
1915 498 2242 567 induximus,
2280 498 2410 554 Vic-

355 615 439 660 tor
475 604 721 658 uticensis
753 599 772 631 1
807 602 909 652 ista
946 617 978 651 a
1008 598 1254 652 Jocundo
1279 598 1463 650 ariano
1500 596 1711 648 homine
1744 593 1811 646 ad
1839 592 2230 646 Theodoricum
2270 595 2411 647 aria-

355 671 535 750 norum
573 710 755 762 regem
794 693 934 745 dicta
972 691 1163 742 refert:
1205 690 1447 758 „Poteris
1489 706 1606 741 eum
1648 687 1874 740 diversis
1914 686 2292 742 afflictionibus
2329 687 2413 739 in-

354 788 628 854 terficere,
680 802 799 838 nam
853 785 895 835 si
947 783 1128 851 gladio
1178 782 1497 851 peremeriS,
1553 781 1807 850 incipient
1862 780 2068 832 romani
2122 786 2414 848 martyrem

352 880 715 949 praedicare„
792 876 862 929 Et
909 875 1200 943 Gregorius
1252 875 1553 927 turonensis
1586 870 1608 904 ²
1663 891 1732 926 ex
1790 873 2096 926 arianorum
2150 887 2412 942 persona:

357 972 524 1042 „Quid
561 972 774 1041 putatiS,
815 970 1026 1023 dicebat
1063 977 1196 1022 unus
1235 985 1302 1020 ex
1328 968 1446 1035 illis,
1487 967 1628 1034 quod
1664 981 1804 1020 nunc
1828 967 1916 1019 isti
1941 967 2151 1018 romani
2183 966 2411 1035 dicant„

356 1066 425 1119 Et
461 1067 645 1118 iterum
679 1061 700 1095 3
738 1063 805 1116 de
843 1063 1025 1116 ariano
1063 1061 1334 1130 principe:
1389 1058 1695 1128 „Cogitavit
1741 1060 1882 1112 intra
1931 1075 1991 1111 se
2029 1058 2238 1125 dicem,
2293 1059 2416 1127 quia

357 1157 621 1225 ingenium
661 1163 743 1209 est
765 1170 1100 1208 romanorum
1127 1152 1408 1223 (romanos
1446 1154 1583 1206 enim
1607 1153 1847 1221 vocitant
1874 1149 1898 1206 4.
1936 1153 2175 1205 homines
2199 1158 2417 1205 nostrae

355 1247 658 1317 religionis)
697 1255 755 1302 ut
792 1249 864 1302 ita
902 1248 1139 1315 accidat,
1172 1254 1225 1301 et
1259 1263 1364 1300 non
1403 1248 1470 1300 sit
1506 1248 1676 1300 virtus
1702 1245 1847 1311 Dei„
1903 1245 2039 1310 Quin
2062 1246 2234 1314 plura,
2273 1243 2418 1312 quod

357 1358 578 1412 pronum
617 1347 786 1410 esset,
825 1356 1201 1408 congeramuS‚
1256 1341 1383 1393 satis
1421 1340 1657 1408 perspici
1707 1355 1790 1402 exv
1813 1339 1895 1391 his
1931 1344 2135 1407 potest,
2179 1339 2418 1407 ipsorum

360 1437 743 1498 haereticorum
791 1434 1050 1487 sententia
1103 1433 1297 1487 cadere
1349 1434 1470 1486 illos
1523 1430 1554 1485 e
1593 1449 1779 1499 causa,
1839 1431 1929 1499 qui
1970 1446 2233 1492 ⁴romanae
2272 1446 2418 1485 com-

361 1529 616 1584 munionis
652 1533 894 1581 exsortes
926 1543 1048 1580 sese
1081 1527 1373 1581 catholicos
1409 1527 1665 1580 iactitant.

502 1703 549 1756 ’7.
589 1701 753 1765 Quam
791 1700 1188 1768 persuasionem
1221 1715 1286 1753 ac
1322 1698 1481 1752 fidem
1512 1697 1852 1751 manifestant
1880 1697 1998 1766 ipsa
2023 1688 2422 1764 antiquissimae

359 1795 605 1862 liturgiae
635 1792 657 1824 ⁵
686 1799 1040 1859 monumenta,
1073 1809 1210 1860 quae
1247 1793 1333 1846 die
1363 1793 1530 1845 natali
1566 1790 1954 1860 Apostolorum
1991 1789 2140 1842 Petri
2178 1795 2233 1842 et
2268 1789 2423 1844 Pauli

363 1889 499 1941 hanc
535 1888 843 1957 praeferunt
880 1887 1197 1940 orationem:
1238 1886 1414 1954 „Deus
1454 1886 1543 1953 qui
1580 1885 1869 1939 secundum
1894 1885 2262 1954 promissionis
2299 1892 2423 1940 tuae

363 1980 670 2036 inviolabile
708 1980 1043 2034 constitutum
1082 1980 1410 2048 apostolicae
1461 1979 1783 2033 confessioni
1831 1994 2066 2048 superna
2113 1978 2424 2048 dignatione

364 2076 603 2144 largiriS,
655 2079 712 2126 ut
747 2074 800 2126 in
831 2073 1071 2126 veritatis
1110 2080 1232 2125 tuae
1269 2072 1571 2126 fundamine
1608 2072 1872 2125 solidatae
1922 2072 2070 2125 nulla
2118 2072 2424 2127 mortiferae

364 2165 608 2220 falsitatis
646 2167 771 2235 jura
811 2167 1242 2235 praevaleant..
1268 2207 1279 2220 .
1331 2167 1554 2234 ipsaque
1610 2167 1677 2218 sit
1731 2169 1872 2222 sacri
1928 2169 2175 2238 corporis
2231 2169 2426 2238 ubique

364 2277 496 2313 vera
533 2275 821 2328 compag0‚
879 2275 1016 2327 quae
1053 2265 1106 2313 te
1145 2260 1488 2328 dispensante
1525 2260 1725 2314 devota
1756 2263 2123 2330 subsequitur,
2172 2261 2427 2336 quidquid

366 2352 523 2405 sedes
566 2352 658 2405 illa
707 2353 997 2418 censuerit,
1057 2368 1213 2419 quam
1265 2359 1450 2406 tenere
1497 2355 1712 2407 voluisti
1760 2357 1922 2408 totius
1977 2357 2240 2410 ecclesiae
2278 2356 2427 2425 prin-

367 2447 643 2514 cipatum„
720 2445 790 2498 Et
825 2461 1030 2498 rursum
1062 2431 1085 2476 ⁶¹
1120 2446 1281 2498 haec:
1323 2463 1425 2514 „ex
1455 2446 1579 2514 jure
1604 2448 1886 2516 apostolici
1912 2449 2242 2517 principatus
2268 2466 2427 2518 repe-

368 2538 612 2604 tendum,
647 2542 705 2590 ut
736 2553 872 2604 quae
912 2554 980 2589 ex
1017 2537 1161 2590 Petri
1202 2539 1462 2592 cathedra
1511 2538 1646 2591 fides
1683 2546 2082 2610 permanasset,
2131 2558 2246 2595 eam
2286 2542 2427 2595 chri-

370 2630 574 2682 stianae
611 2629 908 2683 devotionis
946 2638 1261 2697 sequeretur
1306 2633 1651 2701 universitaS,
1706 2634 2012 2701 salubrique
2060 2632 2377 2702 compendio
2409 2631 2431 2665 '¹

371 2732 425 2778 et
463 2726 539 2793 hi,
594 2727 683 2794 qui
735 2728 803 2779 ab
839 2726 1047 2778 illorum
1095 2726 1303 2778 tramite
1351 2725 1655 2779 deviassent
1699 2726 2025 2781 haberentur
2077 2727 2283 2780 externi
2316 2723 2340 2757 ⁸
2376 2732 2430 2780 et

493 3001 508 3029 ¹
539 3000 605 3044 De
635 3003 861 3057 persecut.
896 3000 1078 3044 vandal.
1110 3001 1140 3044 1.
1173 3000 1202 3044 1.

493 3074 510 3100 ²
538 3074 604 3116 De
635 3072 792 3130 gloria
820 3077 1011 3130 martyr.
1036 3086 1073 3117 e.
1108 3076 1148 3116 7.

491 3145 511 3174 ³
539 3144 645 3188 lbid.
676 3157 712 3188 c.
741 3146 809 3188 25.

490 3217 510 3246 ⁴
542 3216 791 3261 Sectantur
822 3230 939 3275 ergo
970 3222 1176 3262 veterum
1208 3220 1547 3264 haereticorum
1578 3234 1774 3277 morem,
1807 3221 1884 3278 qui
1915 3222 1984 3265 rei
2015 3233 2236 3266 romanae
2269 3234 2434 3278 sequa-

377 3289 503 3332 cibus
536 3302 790 3346 cognomen
820 3289 979 3334 indunt
1015 3293 1245 3348 „romani“
1271 3293 1348 3335 vel
1382 3293 1721 3349 „romanensis“
1756 3295 1960 3351 illudque
1990 3295 2034 3338 in
2069 3295 2293 3351 probrum
2326 3307 2433 3338 con-

377 3359 630 3414 viciumque
662 3364 950 3404 convertunt.
1009 3363 1070 3407 At
1099 3375 1212 3407 vero
1244 3367 1291 3408 et
1320 3364 1389 3408 sic
1419 3365 1715 3411 manifestant
1745 3369 2003 3412 veritatem.

494 3431 512 3459 ⁵
542 3428 611 3476 cf.
627 3430 986 3477 vetustissimum
1016 3447 1235 3478 romanae
1266 3437 1490 3482 ecclesiae
1509 3441 1913 3485 sacramentarium
1930 3441 2099 3485 editum
2116 3453 2144 3484 a
2159 3440 2432 3484 Blanchinio

377 3517 586 3549 recusum
617 3519 646 3549 a
675 3506 900 3550 Muratori
932 3511 978 3551 et
1007 3507 1288 3553 illustratum
1319 3523 1346 3554 a
1377 3511 1644 3556 Balleriniis
1678 3513 1722 3556 in
1754 3513 1899 3570 praef.
1932 3515 2055 3558 Miss.
2088 3515 2206 3560 xlv.

496 3578 513 3605 ⁶
542 3577 693 3621 Praef.
725 3578 847 3623 Miss.
877 3581 932 3624 X.

495 3651 512 3677 '¹
543 3650 667 3704 Quae
699 3664 797 3694 cum
827 3652 896 3695 his
922 3654 1138 3710 Cyprian.
1163 3654 1218 3698 de
1244 3656 1352 3699 unit.
1378 3656 1540 3700 eccles.
1572 3671 1614 3713 p.
1639 3658 1708 3701 76.
1740 3658 2040 3702 conveniunt:
2076 3655 2330 3712 „Probatio
2358 3658 2432 3698 est
2459 3626 2461 3628 -

379 3719 437 3763 ad
467 3717 597 3764 fidem
629 3719 782 3765 facilis
815 3724 1082 3780 compendio
1113 3726 1346 3782 veritatis,
1377 3728 1581 3785 loquitur
1611 3730 1830 3775 Dominus
1854 3730 1914 3774 ad
1944 3731 2152 3773 Petrum:
2195 3727 2296 3784 Ego
2328 3724 2431 3770 dico

381 3791 484 3844 tibi,
515 3796 564 3836 tu
594 3806 644 3836 es
675 3793 865 3851 Petrus„
901 3799 948 3839 et
978 3810 1019 3852 q.
1052 3811 1145 3854 sqq.

489 3863 517 3894 Β
545 3865 602 3908 Hi
630 3879 703 3923 ap.
745 3866 936 3930 Paulum
968 3867 1067 3911 Gal.
1110 3869 1180 3912 Vl.
1216 3871 1282 3914 10.
1325 3879 1417 3922 τοῖς
1458 3874 1636 3923 οἰκείοις
1675 3879 1750 3931 τῆς
1791 3875 1981 3921 πίστεως
2016 3873 2340 3928 opponuntur,
2386 3872 2434 3914 et

384 3935 412 3978 1.
443 3934 545 3980 Cor.
574 3937 627 3981 V.
659 3941 726 3982 12.
758 3942 802 3984 οἱ
831 3942 916 3994 ἔξω
946 3946 1185 3986 vocantur.
