2716 4446
138 486 311 519 Gelasiua

128 1060 325 1093 Hormisda.

81 1406 271 1437 Orientales
301 1405 370 1444 epi-

172 1450 280 1488 scopi.

100 1608 229 1650 Synod.
252 1607 355 1642 VJJJ.

156 2921 286 2963 Synod.
307 2920 369 2955 Vl.

1265 164 1339 174 —
1387 133 1604 191 210-

405 280 705 336 traditionis
745 278 998 348 antiquae
1055 283 1240 330 tenere
1299 295 1398 329 nos
1456 294 1748 330 consonam
1797 279 2057 333 noveritis
2107 279 2310 352 ubique
2361 299 2478 336 sen·
2551 349 2554 354 Ι

406 376 682 440 tentiam„
2030 424 2033 425 γ

579 466 700 519 229.
741 463 1015 517 Videlicet
1066 482 1134 516 ne
1175 464 1294 534 quis
1332 465 1389 516 in
1427 471 1664 517 mentem
1721 463 1944 517 inducat
1983 484 2151 535 suam,
2210 475 2270 541 ut
2305 475 2481 538 pasto-

406 561 575 615 ralem
626 558 833 612 romani
885 558 1130 628 episcopi
1181 575 1373 611 vocem
1431 559 1627 611 erroris
1693 558 2050 631 falsitatisque
2106 562 2251 614 vitiis
2321 569 2483 634 atque

407 645 662 725 periculis
703 651 994 705 obnoxiam
1033 650 1266 719 iudicet,
1310 659 1363 704 et
1401 653 1681 723 superiora
1719 653 1925 707 faciunt
1962 661 2015 707 et
2053 648 2267 724 praeter
2304 654 2410 708 alia
2445 657 2482 728 ¹)

406 749 654 818 flagitant
692 746 827 798 haec
879 746 1197 817 deprompta
1237 764 1308 797 ex
1354 745 1570 798 decreto
1596 747 1636 815 ⁹)
1679 745 1915 802 Gelasii:
1971 747 2109 816 „Est
2146 767 2274 818 ergo
2311 751 2485 820 prima

408 842 554 895 Petri
578 840 820 912 Apostoli
864 839 1038 908 εθᾶθε,
1079 858 1302 892 romana
1341 839 1587 908 ecclesia,
1628 859 1735 893 non
1774 841 1980 894 habens
2006 841 2274 895 maculam
2310 835 2486 914 neque

408 956 598 1006 rugam
637 953 739 988 nec
777 933 983 1005 aliquid
1017 933 1391 1002 huiusmodi„:
1431 941 1544 986 tum
1571 934 1707 987 haec
1733 954 1803 987 ex
1830 935 2058 988 formula
2083 929 2418 1008 praescripta
2439 936 2485 1010 ³)

411 1030 479 1083 ab
517 1027 812 1082 Hormisda
849 1027 1130 1098 pontifice:
1168 1025 1507 1098 „Sequentes
1545 1029 1602 1079 in
1640 1027 1888 1081 omnibus
1927 1029 2278 1099 apostolicam
2305 1030 2488 1084 sedem

411 1131 464 1176 et
501 1123 877 1194 praedicantes
916 1123 1031 1175 eius
1072 1123 1251 1174 omnia
1278 1124 1585 1190 constituta,
1627 1141 1784 1192 spero
1812 1130 1871 1175 ut
1896 1123 1952 1175 in
1981 1142 2088 1175 una
2114 1125 2488 1178 communione

409 1217 711 1282 vobiscum,
752 1235 914 1287 quam
953 1216 1111 1269 sedes
1151 1216 1450 1287 apostolica
1488 1217 1783 1287 praedicat,
1826 1235 1944 1270 esse
1983 1236 2222 1287 mereat,
2280 1219 2337 1272 in
2384 1236 2492 1290 qua

414 1320 496 1364 est
534 1312 747 1381 integra
799 1318 853 1363 et
901 1329 1032 1364 vera
1091 1310 1416 1364 christianae
1469 1311 1748 1381 religionis
1789 1311 2083 1380 soliditas„
2158 1312 2326 1366 Porro
2367 1311 2489 1367 sub·

415 1406 680 1476 scripsere
719 1405 981 1458 formulae
1019 1404 1146 1458 huic
1171 1405 1340 1458 veluti
1359 1406 1486 1458 fidei
1511 1405 1732 1475 regulae
1772 1425 1958 1459 omnes
1986 1407 2229 1478 episcopi
2254 1406 2491 1474 orientiS,

413 1501 706 1570 imperator
742 1499 1100 1568 J11stinianus,
1141 1499 1479 1570 patriarchae
1507 1499 2093 1570 constantinopolitani,
2135 1499 2492 1571 EpiphaniuS,

415 1593 450 1646 J
455 1611 656 1646 oannes
696 1601 750 1646 et
772 1592 987 1660 Menna,
1023 1592 1258 1663 denique
1284 1593 1339 1644 in
1366 1591 1595 1645 concilio
1622 1593 1972 1646 oecumenico
2002 1599 2193 1646 octavo
2216 1593 2262 1665 4)
2303 1593 2493 1646 Patres
2550 1612 2554 1614 ·

418 1688 601 1756 graeci
639 1705 747 1739 non
785 1687 964 1738 minus
1002 1704 1066 1738 ac
1123 1685 1291 1740 latini.
2471 1738 2475 1742 ,

591 1780 713 1833 230.
781 1778 889 1831 Sed
951 1779 1028 1831 ita
1090 1779 1293 1849 pariter
1354 1779 1411 1831 in
1473 1779 1776 1851 Agathonis
1846 1780 1915 1834 ad
1969 1781 2322 1850 imperatores
2385 1781 2493 1850 epi-

420 1873 558 1926 stola
582 1873 655 1945 5),
726 1892 833 1944 qua
899 1891 1154 1926 romanus
1226 1874 1515 1944 episcopus
1584 1892 1690 1927 non
1753 1874 1912 1926 modo
1964 1873 2248 1943 praedicat·
2304 1874 2495 1941 „recti-

418 1968 661 2020 tudinem
715 1986 844 2020 suae
897 1967 1229 2038 apostolicae
1279 1967 1440 2036 fidei„
1481 1987 1669 2021 verum
1711 1969 1789 2020 sic
1827 1966 2142 2020 adhortatur
2176 1985 2240 2020 ac
2287 1973 2497 2020 monet:

419 2060 762 2129 „Eximenda
814 2058 1042 2131 proinde
1105 2080 1169 2114 ac
1234 2063 1455 2114 summis
1527 2060 1810 2114 conatibus
1870 2079 1993 2114 cum
2021 2084 2025 2086 ·
2054 2060 2164 2113 1)θί
2227 2059 2500 2131 praesidio

420 2155 706 2209 liberanda
762 2161 844 2208 est
883 2161 1070 2207 sancta
1103 2154 1227 2207 ‘Dei
1292 2154 1526 2208 ecclesia
1582 2154 2016 2208 christianissimi
2067 2154 2235 2207 vestri
2283 2153 2501 2224 imperii
2539 2186 2546 2192 »

422 2258 595 2303 mater
632 2250 698 2302 de
737 2249 927 2303 talium
966 2249 1248 2302 doctorum
1280 2249 1592 2303 erroribus:
1646 2259 1700 2303 et
1737 2248 2110 2320 evangelicam
2165 2251 2327 2321 atque
2373 2267 2498 2320 apo-

425 2343 671 2397 stolicam
721 2343 1055 2397 orthodoxae
1103 2343 1230 2396 fidei
1280 2344 1688 2412 rectitudinem,
1749 2362 1887 2415 quae
1939 2343 2162 2396 fundata
2213 2350 2295 2396 est
2339 2361 2502 2413 super

426 2439 638 2490 firmam
675 2445 886 2508 petram
924 2437 1083 2490 huius
1122 2437 1268 2491 beati
1315 2438 1462 2491 Petri
1488 2437 1874 2509 Apostolorum
1913 2436 2176 2507 principis
2217 2435 2506 2509 ecclesiae,

428 2551 566 2603 quae
606 2533 722 2585 eius
760 2533 937 2603 gratia
975 2540 1137 2603 atque
1175 2532 1448 2603 praesidio
1477 2531 1545 2585 ab
1586 2535 1732 2586 omni
1759 2550 1940 2585 errore
1980 2530 2188 2584 illibata
2206 2538 2501 2601 permanet,

428 2627 601 2679 omnis
651 2625 963 2696 praesulum
1012 2645 1269 2680 numerus
1321 2645 1385 2680 ac
1437 2625 1804 2693 sacerdotum,
1871 2624 2003 2678 cleri
2058 2642 2123 2676 ac
2161 2622 2498 2694 populorum,

428 2720 754 2773 unanimiter
799 2701 867 2773 ad
917 2720 1242 2791 placendum
1274 2720 1400 2782 >Deo
1451 2721 1792 2790 animamque
1852 2716 2195 2784 salvandam,
2238 2708 2497 2779 »veritatis

429 2813 713 2866 formulam
753 2813 1035 2867 nobiscum
1074 2814 1392 2867 confiteatur
1429 2822 1483 2866 et
1518 2812 1847 2883 praedicet„
1919 2810 2091 2881 Atqui
2138 2809 2278 2863 hanc
2326 2799 2498 2880 ponti-

432 2908 547 2960 ficis
588 2907 872 2978 epistolam
915 2910 1054 2962 sexti
1094 2908 1311 2961 concilii
1350 2907 1539 2960 Patres
1593 2914 1948 2976 susceperunt
1985 2903 2368 2972 adclamanteS,
2405 2922 2504 2975 per
2571 2955 2597 2967 „
2650 2935 2654 2939 -

433 3002 775 3072 Agathonem
821 3003 989 3057 fuisse
1043 3004 1261 3057 Petrum
1311 3002 1607 3073 loquutum.
1704 2992 1935 3053 Tantum
1999 3017 2126 3069 ergo
2189 2996 2384 3065 abest,
2447 3002 2507 3056 ut
2578 2988 2581 2993 ”

618 3207 643 3261 ¹)
666 3208 911 3253 Attulimus
943 3209 1184 3252 sententias
1225 3221 1314 3248 non
1360 3220 1524 3261 paucas
1556 3207 1612 3247 ab
1645 3206 1834 3247 ecclesia
1865 3204 2054 3246 sancitas
2083 3202 2131 3244 in
2162 3215 2301 3273 eaque
2334 3201 2508 3242 univer-

435 3283 516 3322 sim
547 3285 747 3336 receptas
778 3282 853 3325 lib.
883 3282 1027 3336 priore
1059 3294 1098 3325 c.
1131 3281 1207 3324 IV.
1240 3294 1283 3323 n
1313 3280 1389 3324 VI
1421 3294 1494 3334 pp.
1528 3277 1627 3323 124.
1661 3292 1756 3333 sqq

611 3353 646 3409 2)
677 3355 854 3399 Decret
888 3354 942 3395 de
974 3353 1131 3408 Script.
1181 3366 1334 3396 canon
1381 3356 1425 3393 et
1469 3339 1706 3405 apocryph.
1755 3350 1824 3394 ed.
1855 3350 1902 3391 in
1944 3361 2067 3393 conc.
2098 3360 2205 3391 rom.
2236 3359 2276 3390 a.
2305 3343 2406 3388 494.
2437 3333 2506 3399 ap.
2534 3387 2554 3394 ,
2619 3338 2707 3373 -’”“

436 3427 654 3481 Denzing
687 3427 896 3469 enchirid.
931 3427 1114 3481 symbol
1145 3440 1188 3468 n.
1223 3425 1319 3470 140.

612 3497 649 3552 ³)
680 3499 891 3541 Formula
931 3499 1149 3554 episcopis
1192 3499 1371 3540 orientis
1413 3497 1658 3540 schismatis
1699 3495 1900 3538 acaciani
1928 3466 2212 3548 participibus
2242 3490 2521 3558 praescripta
2550 3492 2552 3494 ’

438 3585 506 3625 ap.
538 3572 755 3626 Denzing.
786 3573 814 3616 1
849 3570 1094 3618 c.n,141.
1225 3570 1228 3571 ⁷

615 3643 647 3698 ⁴)
679 3645 777 3688 Act.
810 3645 844 3686 Ι.
2253 3673 2263 3682 .

616 3715 652 3769 ⁵)
686 3718 915 3769 „Dominis
945 3717 1154 3771 piissimis
1185 3720 1228 3758 et
1258 3715 1547 3758 serenissimis
1587 3713 1826 3754 victoribus
1868 3725 1922 3753 ac
1965 3706 2352 3763 triumphatoribus
2383 3703 2515 3745 earis-

443 3788 564 3828 simis
594 3787 696 3830 filiis
727 3790 996 3839 amatoribus
1038 3791 1122 3830 Dei
1173 3793 1216 3830 et
1259 3787 1439 3829 Domini
1483 3786 1622 3827 nostri
1664 3786 1775 3826 Jesu
1821 3783 2021 3834 Christi,
2047 3778 2332 3821 Constantino
2361 3775 2515 3816 maiori

442 3859 704 3913 imperatori,
735 3862 942 3903 Heraclio
973 3866 1017 3902 et
1047 3862 1223 3902 Tiberio
1253 3860 1463 3913 Augustis
1494 3858 1666 3912 Agatho
1698 3857 1927 3911 episcopus
1958 3865 2111 3895 servus
2141 3861 2364 3892 servorum
2394 3846 2504 3900 Dei„

443 3950 514 3991 ap.
545 3936 760 3980 Harduin.
792 3939 822 3977 t.
854 3935 932 3976 III.
965 3948 1038 3990 pp.
1074 3932 1199 3977 1078.
1234 3930 1359 3975 1110.
