2626 4432
1205 174 1563 231 „16-

369 327 455 382 ΠΙ.
509 330 740 381 Romana
791 326 965 378 unitas
1029 327 1105 376 est
1164 323 1384 375 societas
1442 315 1860 385 supernaturalis
1875 353 1889 381 ,
1955 313 2269 381 spirituali-3,
2333 327 2424 367 sa-

1271 410 1494 478 lutifera.

168 569 202 604 1.
510 550 595 604 20.
631 546 783 600 Licet
818 559 950 597 vero
986 541 1184 596 Christi
1234 539 1464 594 ecclesia
1500 534 1690 588 faciem
1737 537 1894 600 gerat
1930 531 2195 584 visibilem
2231 532 2423 586 vitam-

37 622 98 717 ῗεο
89 620 331 706 νῗιῖἳῗιῖαῗῖ
369 662 470 715 que
506 641 840 708 conspicuam
877 636 1137 703 explicet,
1176 636 1419 701 spectato
1456 634 1632 681 tamen
1671 625 1859 679 ordine
1896 624 2084 677 eadem
2109 630 2194 676 est
2229 623 2296 676 V.
2331 638 2423 678 so-

366 738 529 791 cietas
567 728 1015 800 supernaturalis:
1054 727 1292 778 nimirum
1329 729 1414 776 est
1456 720 1688 773 societas
1727 717 1881 787 cujus
1920 718 2106 785 origo,
2157 716 2333 770 media
2370 722 2426 770 et

365 829 484 888 finis
523 840 725 879 omnem
765 829 1171 891 praetergressa
1219 818 1478 869 humanae
1529 818 1752 864 naturae
1799 810 2124 878 exigentiam
2162 809 2279 864 Deo
2327 809 2425 863 de-

363 923 583 983 bentur,
630 914 716 982 qui
766 911 917 965 sicuti
968 926 1065 963 sua
1100 909 1348 963 incitatus
1395 904 1635 959 bonitate
1674 903 1941 956 hominum
1977 917 2150 970 genus
2202 905 2270 956 ab
2316 902 2425 956 ori-

366 1012 573 1081 ginibus
609 1007 678 1061 ad
715 1011 906 1059 statum
948 1003 1198 1072 provexit
1241 999 1558 1065 indebitum,
1605 997 1681 1049 ita
1719 995 1960 1064 ejusdem
2023 996 2230 1064 lapsum
2279 994 2424 1050 Deus

367 1101 593 1156 Trinitas
625 1095 644 1130 1
675 1113 772 1150 sua
806 1095 1061 1164 impulsus
1098 1090 1462 1145 misericordia
1499 1104 1758 1158 reparare
1797 1087 2010 1140 omnino
2049 1087 2232 1141 voluit.

162 1248 198 1283 2.
508 1227 592 1282 21.
631 1224 741 1278 Sed
778 1225 852 1276 ita
889 1222 1089 1292 pariter
1126 1202 1369 1289 spectata
1419 1219 1650 1273 ecclesia
1700 1224 1787 1271 est
1833 1217 2065 1271 societas
2106 1215 2361 1286 spiritalis
2387 1213 2429 1283 ²,

16 1297 354 1386 soeretczszfpirz-
367 1328 622 1392 quatenus
648 1318 847 1372 scilicet
871 1315 939 1368 ad
961 1315 1063 1368 hoc
1089 1315 1231 1367 facta
1258 1318 1676 1382 comparataque
1694 1317 1778 1364 est
1807 1295 2077 1376 divinituS‚
2101 1315 2160 1362 ut
2188 1311 2429 1363 membra

365 1429 461 1465 sua
496 1410 738 1480 proxime
777 1406 985 1475 quidem
1024 1422 1091 1457 ex
1130 1410 1325 1457 statuta
1363 1419 1551 1457 norma
1577 1401 1901 1469 sanctificet,
1941 1407 2050 1454 tum
2087 1418 2244 1470 vere,
2283 1402 2429 1472 quod

364 1505 501 1558 illius
538 1504 738 1555 fructus
777 1506 859 1551 est
898 1514 961 1551 ac
998 1512 1211 1565 corona,
1250 1497 1318 1549 ad
1352 1503 1624 1550 aeternam
1651 1496 1963 1548 beatitatem
1999 1494 2242 1550 adducat
2269 1492 2307 1564 ³,
2345 1501 2429 1550 at-

368 1612 469 1665 que
507 1579 611 1648 hoc
647 1591 859 1645 tandem
896 1597 1055 1659 pacto
1094 1607 1395 1659 supremam
1420 1590 1537 1644 Deo
1575 1591 1805 1659 gloriam
1836 1586 1859 1619 ⁴
1897 1588 2103 1642 afferat.
2179 1587 2260 1642 Eo
2297 1579 2432 1658 ergo

367 1690 538 1742 unitas
576 1700 786 1754 quoque
822 1683 1039 1736 romana
1087 1684 1343 1752 pertinet,
1391 1690 1448 1737 ut
1486 1700 1624 1751 quae
1672 1682 1917 1753 spiritale
1970 1681 2196 1734 exsistat
2233 1678 2433 1733 Christi

368 1796 588 1850 regnum
626 1780 680 1830 in
717 1778 872 1830 terris
912 1778 1187 1830 universos
1220 1777 1459 1830 homines
1497 1777 1567 1829 ad
1606 1776 2110 1842 sanctificationem,
2144 1772 2431 1828 beatitudi-

368 1890 485 1927 nem
537 1878 828 1938 aeternam,
885 1876 1261 1939 aeternamque
1313 1870 1413 1924 Dei
1466 1870 1694 1939 gloriam
1749 1870 1972 1924 coelesti
2015 1867 2211 1969 lumine
2259 1865 2430 1919 mani-

367 1966 660 2022 festandam
699 1964 977 2034 provehat.

512 2096 594 2150 22.
624 2093 714 2150 Ad
734 2111 870 2162 quae
894 2094 1206 2148 illustranda
1226 2095 1355 2148 nihil
1379 2096 1712 2165 praeclarius
1733 2096 1851 2150 dari
1870 2102 2065 2167 potest,
2103 2112 2260 2166 quam
2286 2095 2433 2166 quod

162 2207 243 2243 neo
270 2206 329 2242 M.
371 2190 610 2243 oratione
648 2187 928 2258 splendida
955 2185 977 2219 5
1015 2189 1325 2257 complexus
1363 2195 1446 2242 est
1481 2188 1598 2243 Leo
1637 2192 1955 2261 cognomine
1993 2192 2198 2260 magni:
2249 2190 2429 2261 „Deus

369 2298 593 2349 namque
631 2283 798 2334 bonus
845 2287 899 2333 et
945 2282 1126 2350 justus
1175 2287 1230 2334 et
1267 2283 1627 2352 omnipotenS,
1677 2286 1767 2352 qui
1814 2285 2236 2339 misericordiam
2282 2299 2435 2338 suam

368 2375 466 2445 [en
498 2392 709 2430 causam
746 2374 1079 2444 incitantem]
1119 2376 1348 2430 humano
1387 2379 1574 2446 generi
1614 2395 1894 2448 numquam
1932 2379 2179 2447 negavit,
2218 2392 2431 2430 omnes-

371 2486 471 2536 que
507 2469 559 2520 in
598 2483 870 2521 commune
909 2471 1158 2523 mortales
1197 2471 1266 2524 ad
1292 2472 1654 2540 cognitionem
1681 2473 1762 2526 sui
1787 2471 2254 2526 abundantissimis
2292 2485 2435 2524 sem-

371 2578 469 2630 per
505 2560 775 2615 beneficiis
813 2560 911 2628 (en
938 2577 1221 2632 supernum
1250 2564 1522 2636 ordinem]
1561 2566 1821 2634 erudivit,
1860 2565 2216 2619 voluntariam
2247 2579 2435 2619 erran-

77 2800 335 2846 scrtpturae.
493 2782 510 2811 ¹
539 2781 664 2826 Haec
687 2792 743 2824 ex
763 2778 867 2822 aliis
890 2779 1097 2836 plurimis
1129 2779 1377 2828 manifesta
1398 2787 1505 2828 sunt
1529 2783 1752 2841 omnibus,
1784 2789 1878 2831 tum
1904 2798 1961 2829 ex
1982 2783 2041 2829 iis
2065 2787 2228 2843 patent
2259 2786 2316 2840 a)
2338 2784 2436 2841 qui-

375 2856 459 2900 bus
489 2853 689 2898 ecclesia
718 2852 989 2909 perhibetur
1021 2866 1137 2910 opus
1168 2854 1341 2900 Christi
1371 2858 1693 2917 θεανθρώπου
1724 2858 2055 2915 redemptoris:
2100 2860 2202 2904 Act.
2234 2857 2336 2913 XX.
2366 2856 2439 2901 28.

375 2930 406 2973 1.
437 2928 536 2972 Pet.
579 2927 609 2970 1.
642 2927 696 2970 18
727 2940 792 2983 sq.
833 2927 976 2983 Apoc.
1016 2926 1046 2970 1.
1087 2929 1114 2970 5
1147 2940 1214 2984 sq.
1261 2928 1316 2972 V.
1353 2929 1381 2972 9
1412 2942 1478 2986 sq.
1526 2928 1634 2973 coll.
1677 2929 1734 2974 Is.
1775 2929 1884 2974 LIII.
1917 2930 1984 2974 10.
2031 2928 2144 2975 neb.
2175 2928 2252 2974 lx.
2284 2929 2340 2972 16
2370 2940 2439 2984 sq.

373 3001 432 3057 b)
463 2999 625 3058 quibus
657 2995 864 3043 efficiens
895 2999 1019 3043 illius
1045 3012 1184 3044 causa
1213 3001 1351 3046 modo
1399 3001 1459 3045 ad
1497 3005 1646 3047 totam
1683 3002 1957 3048 Trinitatem
1996 3006 2045 3048 et
2072 3002 2214 3047 modo
2255 3000 2315 3045 ad
2345 2999 2438 3045 sin-

376 3074 511 3132 gulas
543 3072 781 3117 Trinitatis
811 3084 1037 3130 personas
1068 3077 1339 3118 revocatur:
1381 3073 1490 3119 Luc.
1521 3075 1598 3119 IV.
1626 3075 1694 3120 18.
1741 3075 1904 3122 Matth.
1935 3075 1991 3120 X.
2021 3076 2094 3120 40.
2142 3074 2252 3120 Joh.
2281 3073 2339 3118 V.
2367 3073 2440 3117 23.

374 3145 536 3190 matth.
570 3144 644 3188 IX.
673 3144 744 3188 38.
777 3148 825 3189 et
849 3143 986 3188 XVII.
1021 3147 1062 3188 5.
1103 3146 1150 3190 II.
1197 3147 1304 3192 Cor.
1339 3146 1408 3191 111.
1449 3150 1491 3192 6.
1538 3149 1592 3193 V.
1627 3149 1698 3196 18.
1750 3148 1890 3195 Hebr.
1929 3149 1960 3193 1.
1991 3150 2033 3192 2.
2086 3147 2216 3192 Rom.
2255 3145 2356 3191 XV.
2397 3145 2439 3190 8.

373 3215 582 3263 Joh.111.
611 3218 653 3259 2.
692 3216 833 3261 Marc.
863 3216 980 3260 XVI.
1028 3218 1096 3261 15.
1143 3218 1304 3264 Matth.
1333 3219 1390 3264 X.
1432 3222 1470 3265 1.
1515 3209 1739 3266 XXVIII.
1754 3222 1825 3265 19.
1872 3220 1988 3278 Eph.
2026 3219 2102 3264 lv.
2141 3221 2212 3263 11.
2251 3218 2304 3264 IL
2333 3218 2441 3269 Gor.

375 3289 432 3333 V.
461 3289 532 3331 20.
571 3287 678 3332 Luc.
709 3287 762 3331 X.
788 3289 856 3332 16.
910 3288 955 3333 II.
987 3289 1107 3334 Sam.
1142 3291 1298 3336 XXIII.
1340 3294 1382 3336 2.
1431 3292 1480 3336 II.
1511 3293 1610 3338 Pet.
1651 3294 1681 3338 I.
1710 3295 1782 3338 21.
1823 3292 1900 3337 Ps.
1930 3292 2068 3338 XLV.
2100 3292 2141 3336 8.
2180 3292 2287 3337 Act.
2317 3290 2383 3335 ll..-
2398 3291 2438 3333 1.

375 3360 407 3403 I.
440 3360 547 3405 Cor.
577 3359 670 3403 Xll.
701 3360 730 3402 4
759 3373 856 3416 sqq.
888 3360 935 3404 II.
967 3361 1073 3406 Cor.
1103 3362 1172 3406 III.
1205 3363 1245 3407 6.

493 3431 511 3459 2
544 3430 726 3475 Videsis
768 3444 885 3488 quae
930 3432 986 3476 de
1017 3433 1248 3490 spirituali
1279 3436 1454 3482 Christi
1484 3449 1635 3496 regno
1676 3436 1975 3494 disputantur
2016 3435 2076 3480 ab
2106 3432 2440 3492 interpretibus

374 3505 420 3549 in
452 3503 789 3550 commentariis
821 3504 881 3548 ad
910 3504 1015 3549 Joh.
1045 3506 1208 3551 XVIII.
1238 3507 1357 3554 XIX.

494 3577 512 3606 ³
543 3576 641 3621 Huc
678 3573 853 3620 faciunt
896 3576 1038 3621 Marc.
1078 3579 1196 3623 XVI.
1240 3581 1307 3624 16.
1367 3581 1471 3627 Joh.
1513 3581 1627 3627 VIII.
1665 3583 1738 3625 51.
1782 3581 1839 3626 X.
1879 3582 1907 3625 9
1937 3594 2006 3638 sq.
2065 3581 2166 3626 Act.
2206 3578 2327 3624 XVI.
2367 3577 2440 3622 18.

375 3649 407 3691 I.
440 3648 545 3693 Cor.
583 3647 653 3692 111.
686 3649 753 3692 15.
808 3650 909 3693 Act.
952 3649 1028 3694 XI.
1067 3652 1134 3695 14.
1189 3651 1222 3695 1.
1253 3653 1365 3698 Tim.
1403 3654 1476 3698 lV.
1523 3655 1593 3698 16.
1648 3654 1763 3712 Eph.
1795 3654 1872 3699 IV.
1905 3656 1961 3697 12
1991 3666 2060 3710 sq.
2108 3652 2140 3697 1.
2169 3652 2279 3698 Gor.
2308 3650 2339 3695 I.
2366 3651 2439 3693 21.

377 3719 475 3763 XV.
506 3722 530 3763 1
562 3734 630 3778 sq.

491 3791 513 3821 ¹*
542 3791 646 3836 Joh.
677 3792 815 3837 XVII.
845 3795 887 3839 4.
943 3794 992 3839 ΙΙ.
1021 3795 1127 3842 Gor.
1157 3796 1229 3840 III.
1271 3799 1313 3842 9.
1365 3799 1468 3844 Act.
1510 3799 1585 3844 IX.
1627 3800 1696 3844 15.
1757 3799 1789 3843 I.
1823 3797 1929 3843 Cor.
1968 3796 2070 3844 XV.
2099 3796 2158 3841 26
2187 3807 2285 3853 sqq.
2330 3793 2440 3838 coll·

381 3861 509 3905 Dent.
539 3862 700 3907 XXVI.
733 3865 806 3908 19.

496 3931 515 3961 ⁵
544 3931 643 3978 Ser.
672 3934 741 3978 82.
772 3935 857 3994 (al.
889 3936 984 3995 80.)
1014 3937 1062 3983 in
1090 3942 1184 3984 nat.
1217 3944 1368 3998 apost.
1396 3941 1527 3986 Petri
1555 3945 1604 3987 et
1631 3940 1768 3987 Pauli
1796 3953 1861 3987 cc.
1890 3942 1920 3985 2
1950 3953 2019 3997 sq.
