2716 4446
251 324 333 381 est
370 336 664 394 successor,
725 342 846 378 cum
901 325 1182 396 potestatis
1239 323 1577 396 plenitudine
1635 321 1905 396 recepisse
1963 316 2230 376 veraciter
2269 320 2323 375 et

249 420 519 474 humiliter
555 418 934 488 recognoscit.
964 460 1016 472 ..
1059 418 1147 471 Ad
1187 437 1349 490 quam
1388 426 1565 489 potest
1602 426 1857 488 gravatus
1897 417 2123 489 quilibet
2162 436 2324 489 super

249 516 476 585 negptiis
516 514 583 567 ad
636 512 1060 567 ecclesiasticum
1116 513 1291 566 forum
1347 512 1739 584 pertinentibus
1794 510 2116 584 'appellaret
2177 519 2230 565 et
2266 513 2323 565 in
2346 520 2684 603 ffll'ssissiff'mw

251 607 498 662 omnibus
538 608 712 661 causis
751 607 819 660 ad
860 625 1089 659 examen
1142 607 1568 660 ecclesiasticum
1623 607 1990 678 spectantibus
2038 606 2108 659 ad
2154 607 2324 679 ipsius

250 710 428 774 potest
463 702 720 754 iudicium
759 702 994 754 recurri:
1036 708 1088 753 et
1127 700 1304 753 eidem
1343 719 1530 753 omnes
1571 701 1832 754 ecclesiae
1872 709 1996 754 sunt
2034 700 2323 768 subiectae,

210 787 215 793 Γ
250 798 484 868 ipsarum
522 795 751 867 praelati
789 794 1152 848 obedientiam
1191 802 1242 847 et
1280 796 1642 848 reverentiam
1683 795 1787 848 sibi
1827 796 2006 864 dant.„

423 890 545 943 424.
588 889 797 955 Quibus
838 908 959 942 cum
999 888 1127 941 fidei
1167 888 1529 959 professiones
1570 908 1634 942 ac
1671 889 1934 942 formulae
1975 889 2327 942 orientalibus

250 983 372 1055 plus
401 982 569 1036 semel
595 1002 627 1036 a
651 1002 874 1036 romana
901 982 1029 1035 sede
1056 983 1367 1053 propositae
1392 990 1444 1035 et
1467 982 1535 1035 ab
1563 982 1686 1050 illis,
1710 984 1789 1035 uti
1817 990 2043 1051 constat,
2074 991 2328 1054 acceptae

251 1077 411 1149 plane
439 1077 794 1144 consentiant,
842 1075 1119 1145 colligitur
1161 1076 1288 1145 iuge
1335 1083 1387 1127 et
1432 1094 1656 1128 concors
1704 1077 1864 1128 totius
1913 1076 2173 1128 eeclesiae
2220 1075 2328 1129 suf-

251 1171 483 1242 fragium
511 1180 564 1224 et
589 1190 736 1239 usUS,
765 1189 869 1242 quo
897 1170 1139 1222 firmatur
1166 1188 1228 1221 ae
1257 1170 1518 1237 statuitur,
1549 1169 1896 1222 christianam
1923 1189 2134 1222 omnem
2163 1171 2330 1223 vitam

252 1273 361 1319 tam
385 1266 685 1332 internam,
710 1255 1123 1336 quae‘maxime
1161 1262 1289 1315 fidei
1329 1282 1643 1334 morumque
1684 1264 1884 1315 normis
1925 1263 2329 1334 determinatur,

254 1376 411 1432 quam
451 1368 747 1427 externam,
773 1378 910 1430 quae
951 1366 1122 1411 semet
1165 1349 1500 1429 potissimum
1544 1359 1782 1410 externis
1824 1357 2142 1430 disciplinae
2182 1360 2330 1412 insti-

251 1456 580 1527 tutionisque
618 1453 828 1507 actibus
865 1452 1118 1524 explicat,
1159 1451 1530 1505 moderamine
1558 1470 1622 1505 ac
1647 1451 1768 1523 lege
1795 1455 2086 1524 temperari
2125 1454 2334 1507 romani

251 1548 521 1620 pontificis
559 1550 638 1602 uti
677 1548 916 1620 supremi
956 1546 1220 1600 ecclesiae
1259 1545 1586 1617 legislatoris
1638 1565 1702 1599 ac
1735 1546 1960 1616 iudicis,
2014 1549 2100 1601 cui
2146 1567 2332 1602 omnes

251 1661 350 1715 per
387 1642 572 1698 orbem
630 1644 870 1716 episcopi
926 1661 1048 1696 cum
1106 1641 1354 1696 omnibus
1411 1641 1670 1713 gregibus
1728 1642 1839 1695 suis
1906 1641 2129 1696 obnoxii
2193 1651 2331 1699 sunt.

425 1736 550 1793 425.
588 1737 723 1790 Rem
779 1737 1099 1808 gravissimo
1155 1738 1486 1791 auctoritatis
1543 1738 1917 1809 rationumque
1957 1738 2199 1809 pondere
2240 1757 2331 1793 ex-

251 1830 561 1903 ponendam
618 1832 826 1885 curavit
863 1831 991 1885 Pius
1044 1839 1230 1886 sextus
1286 1833 1342 1885 in
1403 1830 1528 1886 data
1585 1832 1655 1886 ad
1713 1839 1945 1903 quatuor
2010 1832 2332 1888 Germaniae
2434 1851 2525 1886 Pius
2546 1852 2607 1888 Vt.

253 1925 696 1997 metropolitanos
758 1927 1148 1998 responsione,
1212 1927 1268 1979 in
1332 1946 1437 1999 qua
1464 1930 1499 1996 ¹)
1569 1926 1703 1980 haec
1771 1928 2336 1983 adcommodatissima

255 2019 546 2090 leguntur:
645 2021 908 2089 „Nonnisi
979 2021 1264 2074 manifesto
1332 2041 1514 2075 errore
1587 2023 1841 2093 potuisti,
1926 2023 2336 2096 archiepiscope

252 2114 604 2187 Moguntine,
678 2119 1050 2187 episcoporum
1115 2117 1170 2168 in
1244 2135 1341 2170 sua
1417 2118 1650 2170 dioecesi
1714 2119 2085 2171 auctoritatem
2158 2129 2336 2172 aucto—

177 2247 181 2251 ·
255 2211 399 2262 ritati
475 2211 669 2264 summi
730 2210 1006 2264 Pontifieis
1071 2229 1415 2282 exaequare,
1482 2220 1534 2265 et
1596 2213 1651 2264 in
1728 2211 1869 2265 hanc
1946 2213 2264 2265 sententiam
2289 2214 2333 2284 ⁹)

252 2322 573 2376 erumpere:
664 2305 836 2375 „Jura
905 2295 1233 2377 episcopalia
1296 2306 1443 2360 nullo
1507 2306 1666 2360 modo
1729 2307 2034 2360 limitationi
2098 2307 2336 2361 obnoxia

254 2406 393 2468 sunt,
433 2400 539 2452 imo
598 2399 668 2452 ad
718 2401 1047 2472 episcopum,
1114 2409 1166 2454 et
1227 2401 1692 2473 archiepiscopum
1754 2411 1961 2473 spectat
2016 2402 2177 2474 pleno
2217 2405 2334 2456 iure

253 2493 480 2548 liberum
510 2540 524 2564 ,
605 2502 658 2547 et
731 2494 1072 2566 plenipotens
1155 2498 1470 2550 exercitium
1497 2538 1510 2565 ,
1592 2496 1737 2568 quod
1813 2498 2023 2569 pridem
2113 2498 2334 2551 libertas
2374 2504 2671 2581 {⁸nggg3-gffgggse

254 2589 622 2643 ecclesiastica
670 2592 857 2644 vocari
915 2589 1155 2658 solebat,
1221 2599 1275 2644 et
1329 2591 1493 2645 habet
1553 2610 1651 2662 pro
1714 2591 2063 2646 fundamento
2122 2611 2334 2645 omnem

253 2682 730 2755 independentiam
805 2684 873 2738 ab
937 2689 1082 2738 omni
1152 2687 1550 2757 incompetente
1609 2686 1714 2739 alia
1769 2687 2201 2759 jurisdictione„
2264 2719 2337 2727 --

255 2778 452 2832 Omnia
510 2779 652 2832 enim
711 2779 966 2847 concilia,
1033 2787 1085 2833 et
1123 2780 1405 2834 concilium
1445 2781 1765 2852 praesertim
1805 2780 2134 2850 Basileense,
2186 2789 2334 2835 tanto

253 2873 472 2927 laudum
530 2873 742 2927 cumulo
811 2894 844 2927 a
903 2874 1110 2944 Vobis,
1192 2876 1495 2947 vestrisque
1555 2874 1795 2945 Collegis
1860 2874 2059 2928 elatum
2087 2916 2102 2943 ,
2182 2876 2333 2928 cuius

255 2967 423 3022 verba
496 2987 594 3021 nos
677 2969 1066 3040 exscripsimus
1131 2989 1295 3041 supra
1319 2969 1398 3042 ³),
1455 2970 1570 3023 Vos
1621 2970 1951 3023 admonent:
2010 2969 2184 3023 solum
2235 2970 2333 3022 Pe-

257 3069 398 3115 trum
445 3064 503 3115 in
565 3062 955 3135 plenitudinem
1024 3065 1304 3137 potestatis
1378 3072 1627 3118 vocatum
1687 3083 1841 3133 esse,
1898 3063 2031 3118 alios
2101 3065 2157 3116 in
2213 3083 2334 3135 par-

256 3152 362 3206 tem
424 3155 838 3210 sollicitudinis:
921 3160 996 3211 ita
1052 3166 1111 3212 ut
1173 3159 1422 3214 Pontifici
1485 3178 1592 3212 non
1653 3166 1929 3230 tamquam
1989 3158 2150 3227 duci,
2232 3157 2328 3211 sed
2347 3171 2695 3256 DiscrciZsgzhfguciset

258 3255 532 3319 tamquam
588 3251 750 3320 capiti
807 3251 1198 3322 subiiciantur,
1257 3261 1310 3307 et
1348 3261 1408 3307 ut
1453 3255 1544 3325 qui
1593 3261 1780 3307 contra
1838 3254 2109 3321 sentiunt,
2170 3251 2333 3305 sehis·
2581 3241 2592 3251 ⁴

260 3342 577 3395 maticorum
628 3343 1130 3418 haereticorumque
1181 3357 1308 3400 nota
1357 3367 1390 3401 a
1426 3347 1638 3401 Joanne
1678 3345 1926 3400 Gersone
1976 3347 2261 3400 inurantur
2288 3347 2333 3418 4)
2449 3367 2592 3401 Gen-on.

260 3434 343 3487 his
381 3437 562 3489 verbis
588 3450 604 3494 Ξ
679 3438 1133 3506 „Schismaticum
1164 3448 1216 3493 et
1242 3439 1574 3494 haereticum
1608 3441 1936 3506 habendum,
1977 3443 2067 3513 qui
2094 3448 2334 3512 negaret,

441 3611 469 3661 ἰ)
501 3612 564 3654 SS
611 3611 666 3652 D.
697 3611 751 3656 N.
782 3612 852 3653 Pii
880 3612 959 3658 VI.
987 3628 1184 3668 respons,
1216 3615 1272 3656 ad
1301 3615 1534 3669 Metropol.
1565 3616 1732 3657 Romae
1763 3615 1891 3661 1789.
1943 3630 1981 3660 c.
2027 3616 2107 3660 IX.
2155 3630 2245 3661 sec.
2294 3615 2333 3658 1.

258 3698 331 3740 pp.
362 3683 461 3729 300.
492 3699 589 3740 sqq.
620 3686 723 3727 coll.
756 3699 794 3729 c.
823 3686 946 3727 VIII.
977 3700 1066 3730 sec.
1096 3687 1156 3730 ΙΙ,
1188 3701 1262 3730 nn.
1293 3685 1367 3732 25.
1397 3701 1494 3741 sqq.
1526 3702 1600 3742 pp.
1634 3687 1732 3732 187.
1765 3702 1861 3743 sqq.

435 3756 470 3813 2)
501 3758 554 3799 In
583 3758 667 3801 litt.
701 3757 906 3811 encyclio,
943 3758 1031 3802 dat.
1065 3758 1135 3800 die
1165 3757 1238 3802 26.
1270 3760 1485 3804 Novemb.
1518 3758 1645 3804 1788.
1677 3763 1718 3812 ξ.
1750 3760 1889 3802 Nemo
1922 3761 2092 3806 melius.

436 3829 470 3888 ³)
502 3832 542 3882 ἓ.
574 3828 643 3872 31.
677 3829 847 3872 Similia
875 3834 1024 3872 tuetur
1053 3830 1324 3885 pontifex‘in
1355 3833 1525 3875 collect.
1559 3833 1768 3878 decision.
1803 3832 1905 3878 Sed.
1937 3833 2089 3889 Apost.
2122 3833 2245 3879 relat.
2277 3833 2334 3879 ad

259 3909 408 3962 negot.
441 3906 596 3947 eccles.
632 3904 749 3947 Gall.
781 3904 905 3945 Rom.
940 3903 1066 3948 1800.

438 3976 470 4036 ⁴)
501 3979 569 4020 De
602 3977 756 4022 Statib,
788 3977 946 4023 eccles,
979 3977 1142 4023 consid.
1174 3977 1209 4022 1.
