2626 4432
976 196 1193 254 -079
1270 228 1336 232 ,-

120 370 334 416 exstare
374 361 782 427 habendamque
820 375 942 412 esse
979 357 1263 411 ecclesiam
1303 354 1646 420 catholicam,
1706 369 1862 420 quam
1902 367 2040 419 quae
2080 367 2199 403 cum

119 474 340 510 romana
375 455 504 508 sede
547 453 921 517 communicet,
964 452 1241 518 eidemque
1285 448 1446 501 veluti
1479 448 1717 501 caritatis
1752 452 1939 500 centro
1979 461 2044 497 ac
2073 443 2201 496 fidei

119 551 464 603 fundamento
502 546 756 599 innitatur
795 551 956 614 atque
995 545 1219 597 insistat.

264 708 325 761 ld
365 723 480 760 cum
521 722 589 757 ex
625 703 902 772 plerisque
942 704 1183 755 omnibus
1226 719 1364 770 quae
1402 702 1674 768 hucusque
1712 698 1779 761 de
1823 712 2044 749 romana
2084 695 2201 748 uni·
2242 712 2445 758 Infertur.

58 781 61 784 Α
121 810 229 856 tate
270 799 654 870 disputavimus
682 797 823 849 haud
859 814 1024 864 aegre
1054 803 1442 864 consequatur,
1475 792 1781 846 nominatim
1811 807 1940 843 vero
1980 791 2042 842 iis
2071 805 2199 842 con-

50 960 55 964 ,
123 896 350 947 tineatur
409 907 544 959 quae
604 889 773 956 priori
843 889 1020 957 capite
1078 889 1493 958 explicavimuS‚
1558 893 1641 939 est
1694 891 1869 937 tamen
1919 883 2198 952 ejusmodi,

123 987 263 1056 quod
297 985 449 1038 novis
482 982 623 1037 curis
660 983 1089 1050 comprobariset
1121 983 1280 1036 facile
1306 982 1478 1050 possit
1512 987 1566 1033 et
1595 980 1807 1032 omnino
1844 983 2130 1030 mereatur.

261 1159 384 1226 Non
417 1163 536 1210 utar
578 1163 754 1209 tamen
795 1157 1035 1224 abruptis
1073 1140 1342 1208 nonnullis
1393 1170 1458 1207 ac
1503 1152 1917 1222 particularibus
1955 1158 2199 1205 veterum
2219 1169 2505 1217 confirmatur.

119 1235 455 1320 testimoniis,
510 1251 612 1303 -sed
665 1251 991 1318 amplissimo
1031 1250 1261 1316 quodam
1317 1254 1752 1315 argumentorum
1803 1263 2032 1314 genere,
2094 1261 2200 1313 quo
2261 1262 2263 1269 ’

44 1361 47 1364 ’
115 1323 215 1400 nisi
251 1348 461 1415 penitus
487 1346 647 1398 fallar
685 1360 790 1396 non
831 1345 1001 1395 minus
1039 1343 1218 1395 valide
1257 1357 1413 1409 quam
1451 1340 1732 1410 splendide
1782 1339 1928 1408 quod
1968 1340 2198 1408 praesti-

96 1445 281 1497 „tutum
320 1444 401 1492 est
441 1444 908 1492 commonstretur.

202 1614 205 1616 ’
265 1610 382 1664 108.
421 1608 603 1677 Atque
646 1608 950 1678 hujusmodi
994 1610 1216 1663 rationis
1270 1617 1590 1664 momentum
1639 1610 1767 1663 illud
1809 1611 2047 1680 inprimis
2100 1612 2199 1678 est,
2210 1625 2439 1661 Memodus
2462 1635 2563 1671 pro-

117 1704 259 1772 quod
292 1699 324 1774 ἦ
357 1707 502 1768 μεθ(
495 1698 602 1765 'dog
641 1719 736 1754 seu
764 1704 853 1754 via
889 1720 953 1757 ac
980 1705 1118 1757 ratio
1146 1704 1477 1773 suppeditat,
1518 1723 1623 1773 qua
1655 1706 1737 1758 usi
1763 1706 2000 1773 maj0res
2031 1706 2201 1756 nostri
2240 1678 2540 1764 ξῗιῧῖῗῑςαῖἧὲἳῗῖ

117 1802 185 1853 ab
221 1800 585 1867 antiquissima
623 1805 800 1851 aetate
825 1804 960 1865 sunt,
989 1798 1057 1850 ad
1086 1798 1407 1852 catholicam
1441 1799 1724 1852 ecclesiam
1753 1798 2199 1852 communionem-
2339 1789 2438 1816 “⁸⁰⁸

115 1909 220 1960 que
259 1894 333 1945 uti
372 1910 555 1945 veram
594 1893 940 1946 christianam
979 1893 1067 1945 vel
1106 1892 1495 1945 ostendendam
1527 1892 1616 1945 vel
1656 1891 2101 1959 distinguendam.

886 2095 924 2137 1.
956 2082 1201 2139 Methodus
1233 2092 1424 2137 Irenaei.

267 2226 384 2280 109.
425 2227 513 2280 Ab
554 2228 921 2294 antiquissimo
968 2228 1161 2293 Patre,
1221 2229 1481 2296 episcopo
1527 2226 1849 2295 lugdunensi
1881 2224 1916 2294 1,
1971 2227 2200 2280 Irenaeo

118 2322 534 2389 auspicabimur,
588 2328 641 2372 ut
690 2321 820 2372 illud
875 2323 943 2374 ab
991 2322 1284 2389 originibus
1341 2337 1512 2390 prope
1560 2322 1877 2374 arcessitum
1936 2321 2199 2373 videatur.

119 2414 456 2483 Propositum
494 2415 674 2481 itaque
712 2415 936 2467 Irenaeo
977 2422 1119 2480 erat,
1157 2416 1363 2482 patenti
1403 2415 1632 2482 quadam
1659 2416 1868 2480 ratione
1895 2414 2199 2481 ostendere,

118 2509 481 2575 gnosticorum
522 2516 820 2561 commenta
855 2507 1111 2582 aChristi
1140 2509 1383 2561 doctrina
1410 2510 1620 2577 penitus
1647 2524 1770 2560 esse
1797 2508 1985 2560 aliena.
2044 2507 2199 2570 Quod

117 2609 175 2654 ut
212 2601 485 2669 efficeret,
535 2603 587 2653 in
626 2602 932 2655 methodum
971 2603 1189 2669 inquirit
1243 2603 1599 2656 decretoriam
1645 2602 1935 2669 itidemque
1986 2601 2197 2654 facilem

118 2703 172 2747 et
210 2686 659 2764 compendiosam,
701 2697 947 2748 veritatis
987 2696 1311 2748 christianae
1337 2698 1404 2749 ab
1434 2696 1708 2748 haeretica
1735 2696 1926 2763 quavis
1963 2695 2198 2748 falsitate

220 2986 254 3013 ·¹
287 2985 455 3040 Quanti
486 2986 622 3031 nobis
657 3000 759 3032 esse
791 2988 980 3033 Jrenaei
1012 2988 1273 3032 auctoritas
1306 2978 1497 3043 debeat,
1529 2987 1635 3030 inde
1668 2989 1890 3044 apparet,
1923 2986 2047 3043 quod
2077 2985 2200 3042 apud

111 3057 281 3101 ›Euseb
313 3058 365 3102 H.
391 3059 440 3102 E.
473 3059 502 3102 l.
535 3060 588 3103 V.
621 3073 658 3103 c.
690 3062 729 3106 [ι.
782 3061 884 3105 ΜΜ.
931 3061 1261 3119 Lugdunenses
1294 3064 1341 3105 et
1375 3061 1659 3105 Viennenses
1691 3074 1794 3103 eum
1832 3058 2200 3110 commendarint

117 3128 305 3187 ζηλώτην
329 3129 433 3176 ὄντα
458 3139 532 3189 τῆς
557 3131 783 3190 διαθήκης
814 3141 893 3178 τοῦ
916 3138 1134 3194 Χριστοῦ,
1167 3134 1382 3191 quodque
1401 3134 1750 3194 commendatus
1767 3136 2023 3190 propterea
2053 3131 2198 3176 fuerit

118 3203 387 3247 Eleutherio
418 3203 648 3262 pontifici3
681 3206 804 3262 quod
835 3220 864 3250 a
894 3206 1188 3250 Tertulliano
1222 3219 1323 3250 con.
1358 3206 1591 3250 Valentin.
1618 3219 1656 3249 c.
1681 3208 1722 3249 5.
1755 3205 2050 3262 praedicetur
2077 3219 2199 3261 „om-

122 3275 246 3319 nium
280 3276 592 3321 doctrinarum
625 3279 974 3336 copiosissimus
1008 3265 1311 3336 enplorator„
1358 3281 1492 3339 quus
1525 3291 1670 3336 opera
1710 3279 1803 3322 sint
1838 3278 2102 3336 „volumina
2133 3278 2199 3321 in-

123 3346 483 3406 structissima„;
525 3351 649 3407 quod
681 3352 857 3409 scripta
889 3352 1098 3410 ejusdem
1129 3353 1332 3397 Eusebio
1375 3356 1569 3397 auctore
1609 3352 1661 3396 H.
1693 3351 1741 3396 E.
1775 3351 1805 3394 1.
1838 3352 1889 3394 ΙΙ.
1922 3363 1959 3394 c.
1995 3351 2062 3393 10.
2106 3363 2198 3394 non

123 3419 273 3462 solum
304 3421 362 3463 ad
395 3424 722 3479 cognoscenda
756 3426 838 3468 sed
869 3425 1008 3469 etiam
1040 3424 1099 3468 ad
1130 3422 1415 3473 confutanda
1447 3423 1648 3467 Simonis
1675 3423 1966 3478 aliorumque
1998 3422 2199 3465 haereti-

126 3504 279 3534 corum
312 3488 531 3549 figmenta
562 3494 654 3538 sint
686 3497 1187 3552 accommodatissima3
1219 3497 1342 3553 quod
1372 3496 1658 3553 Epiphanius
1691 3495 1742 3539 H.
1762 3494 1922 3540 XXIV.
1955 3507 1996 3538 n.
2021 3495 2062 3537 8.
2095 3507 2196 3537 eum

123 3562 379 3607 mirabilem
410 3564 533 3608 dicat
564 3570 702 3622 atque
737 3567 940 3623 beatum,
972 3568 1308 3625 Apostolorum
1341 3573 1688 3623 successorem,
1723 3560 2060 3624 disputatorem
2091 3566 2198 3609 sub-

122 3636 271 3692 tilem,
303 3637 355 3680 H.
388 3638 549 3681 XXXI.
583 3653 624 3682 n.
656 3629 725 3682 33.
759 3639 988 3696 repletum
1020 3640 1152 3684 donis
1187 3655 1222 3684 s.
1249 3641 1485 3698 SpirituS,
1517 3641 1706 3686 divitem
1738 3640 2077 3684 sincerrissima
2108 3637 2196 3683 fide

124 3713 170 3754 et
200 3711 396 3755 scientia
427 3712 805 3768 exquisitissima3
829 3710 960 3769 ‘quod
992 3714 1095 3771 ejus
1128 3726 1274 3770 opera
1306 3714 1364 3765 ab
1396 3714 1657 3770 Ephraemo
1700 3727 1814 3771 syro
1847 3717 1904 3758 tr.
1946 3714 2001 3757 de
2035 3714 2196 3758 virtut.

124 3795 149 3825 c
199 3783 238 3826 8.
272 3784 484 3828 dicantur
515 3785 755 3842 splendida
786 3789 834 3829 et
862 3783 1132 3843 magnifica3
1165 3785 1288 3842 quod
1319 3799 1421 3829 eum
1452 3788 1570 3845 Aug.
1604 3800 1642 3830 c.
1667 3787 1837 3832 Julian.
1871 3787 1887 3829 l
1918 3787 1949 3830 l
1976 3800 2041 3831 cc.
2066 3788 2149 3830 3-
2156 3789 2196 3830 7.

123 3853 288 3899 efferat
330 3857 398 3900 uti·
443 3856 735 3903 defensorem
785 3858 894 3903 fidei
944 3857 1225 3914 catholicae,
1242 3864 1247 3868 ’
1284 3859 1557 3915 apostolicis
1604 3859 1892 3917 temporibus
1946 3872 2194 3918 supparem

121 3932 262 3985 atque
287 3930 518 3987 antiquum
543 3932 626 3976 Dei
649 3934 902 3990 hominem3
935 3932 1146 3991 quodque
1172 3932 1493 3977 Theodoretus
1525 3932 1628 3977 dial
1656 3934 1684 3977 Ι
1716 3946 1759 3990 p.
1784 3935 1855 3977 33.
1893 3945 1994 3976 eum
2019 3932 2190 3977 descri-

123 4001 204 4045 bat
235 4002 365 4047 velut
396 4008 607 4066 φωςτῆρα
642 4005 856 4052 Γαλάτων
886 4023 971 4052 των
1002 4007 1230 4069 ἑσπεριων.
