2716 4446
248 600 445 635 Iuridicm.

252 787 384 822 Urban.
413 787 450 819 V.

175 880 380 920 Proprietas
408 882 518 915 iusta.

250 980 443 1013 Souzechat.

217 1153 467 1186 Gommercium.

267 1342 427 1377 Reditue.

211 1632 391 1668 Innocent.
404 1633 469 1669 XI.

247 1778 424 1814 Mollitia.

178 2080 255 2116 Lex
269 2084 316 2116 sit
331 2085 488 2121 morazia.

196 2660 374 2698 Alexand.
391 2665 415 2697 I
414 2663 467 2701 H.

219 2807 438 2845 Contractus.

217 3323 349 3360 Urban.
365 3326 437 3358 III.

266 3404 390 3437 Ueura.

238 3820 425 3857 Gambium.

1410 151 1754 235 ...egga-„-

540 327 685 372 nunc
720 315 819 385 est,
858 335 1047 370 omnes
1084 335 1413 388 percensere
1451 317 1772 389 pontificum
1810 323 1964 371 actus
1991 316 2033 388 1)
2073 312 2270 388 quibus
2308 313 2399 371 vel
2434 305 2608 390 ipsam

539 410 879 464 honestatem
920 409 1190 463 humanae
1240 411 1388 464 vitae
1439 411 1711 465 adsertam
1748 409 1988 464 voluere.
2041 408 2150 464 Sed
2188 410 2418 483 quilibet
2453 411 2612 466 intel·

539 502 676 574 ligit,
715 502 798 555 his
839 511 1091 556 constare
1120 522 1384 556 summam
1410 504 1581 557 veluti
1618 504 1783 557 totius
1822 502 2029 556 ethices
2065 502 2346 558 naturalis.
2383 503 2617 576 Insuper

712 597 760 649 7.
799 596 857 649 in
896 595 1084 650 ordine
1122 597 1371 666 iuridicO,
1425 598 1520 669 qui
1570 604 1755 650 tamen
1806 614 1930 650 cum
1967 597 2136 668 priori
2172 598 2510 668 penitissime
2547 614 2613 651 ac

536 689 844 742 necessario
870 689 914 761 2)
973 691 1051 742 ita
1099 689 1370 758 cohaeret,
1422 698 1483 743 ut
1521 690 1738 760 seiungi
1775 688 1845 743 ab
1885 707 1948 743 eo
1987 707 2166 762 neque
2204 691 2379 762 possit
2433 708 2611 762 neque

538 780 750 848 debeat,
791 780 1035 834 adseruit
1071 781 1329 835 Urbanus
1369 783 1587 854 quintus
1626 783 1890 836 iustitiam
1928 785 2276 855 proprietatis
2317 792 2477 855 atque
2517 783 2609 837 do·
2673 843 2675 847 ¹

534 874 703 941 minii,
728 874 984 926 damnata
1022 875 1101 926 uti
1138 874 1291 943 falsa,
1332 893 1575 944 erronea,
1615 874 1889 929 haeretica
1925 876 2030 929 hac
2047 876 2092 949 3)
2128 877 2385 949 Dionysii
2422 875 2609 951 Senie-

534 967 660 1020 chat
697 985 769 1019 ex
808 975 957 1020 secta
994 966 1413 1020 fratricellorum
1463 969 1868 1039 propositione:
1931 968 2116 1038 „Haec
2175 969 2462 1022 benedicta
2515 968 2610 1022 lex
2655 963 2657 965 ¹

532 1062 731 1113 amoris
790 1079 1006 1113 omnem
1061 1061 1239 1113 aufert
1294 1062 1684 1132 proprietatem
1742 1071 1797 1114 et
1833 1061 2199 1131 dominium„:
2251 1063 2610 1116 adseruerunt
2664 1130 2667 1132 q

530 1155 615 1206 ius
655 1166 710 1207 et
746 1156 1011 1207 iustitiam
1067 1156 1125 1207 in
1182 1155 1462 1207 hominum
1501 1166 1687 1207 mutuo
1712 1155 1757 1227 4)
1809 1157 2027 1225 negotio
2067 1174 2132 1209 ac
2170 1158 2512 1225 commerciO,
2550 1157 2607 1209 in

532 1250 898 1301 contractibus
923 1249 967 1320 ⁵)
1024 1251 1326 1319 generatim
1383 1258 1436 1300 et
1493 1251 1794 1319 speciatim,
1834 1249 1890 1300 in
1929 1249 2299 1303 contractibus
2322 1252 2368 1322 ¹⁵)
2408 1268 2606 1303 census

531 1361 627 1397 seu
665 1344 889 1412 redituS,
930 1346 1108 1396 mutui
1143 1363 1208 1396 ac
1247 1342 1449 1396 cambii
1476 1345 1517 1415 ²)
1559 1353 1617 1395 ut
1655 1347 1824 1411 aiunt,
1865 1351 1919 1396 et
1938 1345 1990 1415 ⁸)
2040 1343 2304 1411 mohatra‚
2342 1346 2606 1398 iustitiam

530 1527 680 1536 ———

704 1624 738 1681 ¹)
771 1626 887 1668 Satis
918 1631 984 1669 est
1014 1640 1051 1671 e.
1082 1640 1123 1681 g.
1145 1626 1380 1668 contulisse
1411 1625 1637 1666 damnatas
1667 1639 1739 1669 an.
1773 1623 1898 1669 1679.
1921 1624 1964 1669 2.
1995 1626 2123 1668 Mart.
2146 1627 2201 1668 ab
2239 1626 2494 1670 Innocentio
2516 1627 2597 1673 XI.
2617 1650 2628 1660 ·

527 1700 844 1753 propositiones
874 1698 917 1744 8.
950 1713 1045 1754 sqq.
1078 1714 1150 1753 ap.
1181 1699 1384 1753 Denzing
1426 1698 1454 1738 l.
1503 1711 1540 1741 c.
1585 1712 1627 1752 p.
1675 1696 1777 1742 324.
1828 1712 1903 1743 nn.
1948 1697 2075 1741 1025.
2122 1693 2218 1754 sqq.
2265 1707 2309 1741 et
2345 1702 2602 1743 nominatim

527 1773 824 1813 consideretur
863 1773 972 1813 haec
1012 1785 1124 1826 quae
1164 1772 1271 1815 inid.
1312 1785 1356 1825 p.
1397 1768 1498 1812 328.
1543 1783 1586 1811 n.
1631 1768 1758 1813 1066.
1805 1776 1871 1812 est
1909 1784 2082 1825 propos.
2114 1769 2184 1815 49.
2230 1773 2464 1824 „Mollities
2502 1775 2598 1816 iure

525 1853 707 1886 naturae
737 1845 954 1898 prohibita
983 1858 1072 1885 non
1102 1848 1183 1887 est.
1216 1843 1356 1893 Unde,
1388 1843 1426 1883 si
1455 1842 1577 1883 Deus
1609 1855 1705 1883 eam
1735 1855 1824 1883 non
1852 1843 2158 1895 interdixisset,
2181 1857 2312 1899 saepe
2333 1850 2449 1886 esset
2471 1846 2597 1899 bona,

525 1922 568 1958 et
596 1918 831 1972 aliquando
863 1918 1122 1971 obligatoria
1153 1917 1233 1957 sub
1264 1915 1479 1967 mortali.,‚
1516 1915 1584 1956 En
1612 1916 1659 1956 in
1689 1915 1870 1969 speciali
1900 1928 2006 1957 casu
2037 1929 2176 1972 eoque
2207 1918 2365 1958 summi
2385 1910 2621 1963 momenti¹

525 1991 790 2032 declaratam
819 1990 1030 2031 moralem
1059 1997 1242 2031 naturae
1272 1988 1432 2042 legem.

702 2063 733 2117 ²)
764 2063 948 2104 Justitia
978 2068 1021 2104 et-
1049 2063 1170 2117 leges
1193 2062 1531 2116 proficiscuntur
1559 2073 1587 2101 a
1619 2059 1849 2114 principiO,
1882 2059 2000 2113 quod
2029 2063 2095 2101 est
2124 2059 2314 2121 ethicum
2337 2065 2382 2103 et
2408 2062 2594 2114 morale3

522 2135 768 2190 diriguntur
797 2136 854 2176 ad
884 2135 1133 2176 subiectum
1163 2135 1355 2176 ethicum
1387 2140 1431 2174 et
1468 2132 1657 2182 morale;
1704 2131 1898 2184 dirigunt
1927 2136 2052 2172 actus
2091 2131 2318 2185 humanos,
2350 2134 2426 2187 qui
2464 2133 2597 2177 ethici
2646 2125 2650 2128 ’

522 2214 565 2250 et
595 2209 781 2250 morales
812 2221 907 2250 esse
939 2207 1123 2263 debent3
1157 2212 1201 2248 et
1230 2206 1455 2248 adducunt
1484 2205 1540 2246 ad
1561 2205 1705 2256 finem,
1737 2204 1813 2258 qui
1833 2204 1889 2244 sit
1909 2203 2069 2245 bonum
2090 2205 2228 2259 ipsius
2249 2205 2448 2259 subiecti,
2478 2205 2597 2262 quod

519 2287 699 2323 auctore
730 2282 801 2323 vel
829 2283 926 2337 ipso
958 2293 1130 2336 pagano
1160 2278 1434 2334 philosopho,
1455 2277 1574 2332 apud
1597 2276 1854 2318 Ciceronem
1876 2278 1930 2318 de
1948 2276 2116 2330 officiis,
2138 2279 2225 2318 nisi
2244 2277 2474 2320 honestum
2496 2269 2592 2321 esse

519 2368 609 2396 non
637 2357 789 2410 possit.
822 2355 968 2405 Quare
997 2354 1276 2408 principium,
1307 2350 1566 2402 subiectum,
1597 2350 1816 2391 obiectum
1847 2354 1891 2390 et
1938 2349 2037 2391 finis
2076 2349 2183 2391 iuris
2224 2363 2278 2392 ac
2317 2351 2464 2406 legum
2506 2365 2596 2403 non

518 2428 675 2481 ferunt,
706 2433 754 2469 ut
786 2441 863 2468 eae
892 2427 1147 2489 inhonestae
1179 2428 1266 2468 sint
1294 2439 1348 2467 ac
1376 2425 1625 2470 inmorales.
1655 2425 1789 2467 Hunc
1817 2438 1979 2467 nexum
2006 2426 2117 2479 ipsa,
2149 2438 2261 2482 quae
2282 2425 2368 2466 iam
2389 2425 2590 2468 subiicie-

517 2514 627 2554 mus,
659 2502 803 2542 omnia
831 2501 1114 2554 patefaciunt.
2378 2508 2385 2513 ·

693 2573 729 2631 ³)
762 2576 894 2629 Prop.
938 2574 978 2618 1.
1010 2588 1081 2629 ap.
1113 2575 1329 2628 Denzing.
1361 2574 1391 2618 1.
1426 2588 1462 2618 0.
1492 2588 1536 2628 Ρ.
1569 2571 1669 2618 184.
1698 2587 1743 2619 n.
1773 2570 1876 2618 468.
1920 2573 2003 2619 col.
2034 2587 2160 2629 prop.
2191 2573 2234 2619 2.
2265 2575 2370 2617 ibid.
2412 2588 2455 2616 n.
2486 2573 2588 2618 469.

693 2645 725 2701 ⁴)
759 2647 891 2691 Decr.
924 2647 952 2691 1.
982 2648 1037 2691 V.
1069 2649 1133 2691 tit.
1168 2646 1236 2690 19.
1270 2661 1307 2689 0.
1340 2646 1381 2692 6.
1413 2649 1605 2701 insignia
1635 2652 1738 2689 sunt
1766 2647 1876 2689 haec
1905 2647 2144 2689 Alexandri
2172 2648 2315 2691 tertii:
2357 2648 2440 2701 „In
2481 2648 2586 2690 civi-

514 2724 602 2760 tate
634 2724 710 2760 tua
740 2720 848 2761 dicis
887 2734 1017 2775 saepe
1060 2722 1325 2775 contingere,
1359 2721 1477 2774 quod
1516 2734 1617 2762 cum
1658 2721 1835 2775 quidam
1863 2722 1988 2775 piper
2027 2734 2106 2762 seu
2146 2723 2467 2763 cinnamomum
2510 2710 2590 2761 seu

515 2793 626 2833 alias
657 2806 822 2834 merces
855 2800 1119 2847 comparant,
1153 2807 1264 2848 quae
1294 2799 1399 2836 tunc
1429 2795 1544 2836 ultra
1575 2794 1768 2848 quinque
1799 2794 1937 2835 libras¹
1964 2807 2053 2835 non
2073 2778 2235 2847 valent,
2269 2798 2312 2836 et
2329 2794 2589 2848 promittunt

515 2879 562 2907 se
592 2866 694 2918 illis,
725 2879 751 2907 a
784 2867 941 2920 quibus
981 2867 1078 2907 illas
1124 2879 1290 2908 merces
1339 2868 1575 2921 accipiunt,
1616 2880 1694 2908 sex
1733 2867 1867 2908 libras
1913 2871 2078 2908 statuto
2118 2868 2305 2908 termino
2351 2867 2585 2912 soluturos.

512 2938 639 2979 Licet
650 2944 797 2980 autem
819 2944 1068 2981 contractus
1085 2939 1335 2981 huiusmodi
1352 2941 1504 2981 extali
1523 2940 1665 2980 forma
1684 2952 1773 2980 non
1792 2940 1932 2994 possit
1953 2940 2122 2980 censeri
2143 2941 2320 2981 nomine
2341 2953 2587 2995 usurarum,

518 3013 798 3055 nihilominus
828 3019 977 3055 tamen
1005 3015 1255 3056 venditores
1285 3018 1516 3068 peccatum
1534 3014 1786 3064 -incurrunt,
1827 3013 1912 3053 nisi
1958 3012 2139 3053 dubium
2168 3013 2237 3063 sit,
2279 3026 2448 3055 merces
2487 3013 2587 3055 illas

511 3085 611 3138 plus
641 3087 840 3127 minusve
871 3087 1098 3127 solutionis
1128 3090 1324 3140 tempore
1369 3086 1603 3127 valituras:
1651 3088 1696 3125 et
1738 3084 1837 3125 ideo
1885 3084 2002 3125 cives
2053 3086 2118 3126 tui
2147 3085 2281 3127 saluti
2324 3099 2430 3127 suae
2473 3086 2586 3127 bene
2689 3099 2692 3101 “

513 3157 802 3210 consulerent,
834 3159 872 3199 si
900 3171 928 3199 a
957 3157 1036 3199 tali
1066 3163 1294 3200 contractu
1325 3161 1559 3212 cessarent,
1593 3170 1692 3198 cum
1723 3157 2011 3211 cogitationes
2041 3157 2268 3200 hominum
2299 3158 2586 3213 omnipotenti

512 3229 608 3270 Deo
638 3234 863 3284 nequeant
892 3230 1143 3284 occultari.„
1454 3233 1456 3235 ’
2326 3228 2337 3237 “

688 3315 721 3372 ⁵)
754 3318 855 3359 Huc
883 3318 1051 3360 faciunt
1082 3318 1257 3360 decreta
1302 3316 1355 3358 de
1385 3317 1555 3358 usuris:
1601 3316 1771 3359 Urbani
1798 3316 1881 3361 111.
1912 3317 2043 3362 Decr.
2082 3318 2121 3363 .1.
2152 3318 2206 3361 V.
2247 3322 2279 3363 t.
2307 3307 2393 3365 ’19.
2440 3333 2480 3366 c.
2512 3318 2582 3366 10.
2622 3336 2629 3341 “

511 3401 582 3442 ap.
614 3389 833 3444 Denzing.
866 3390 898 3434 1.
930 3404 967 3432 0.
999 3405 1041 3445 p.
1073 3388 1171 3436 144.
1201 3404 1246 3434 n.
1277 3388 1376 3433 340.
1411 3389 1509 3435 coll.
1544 3389 1756 3434 Clement.
1801 3390 1831 3435 1.
1862 3391 1918 3434 V.
1961 3392 2028 3435 tit.
2074 3390 2116 3435 5.
2162 3391 2216 3433 de
2256 3404 2374 3433 usur.
2428 3405 2467 3437 c.
2511 3393 2584 3434 Ex

510 3462 651 3515 gravi.
682 3463 781 3506 coll.
815 3463 1015 3517 Gregorii
1044 3463 1124 3508 IX.
1156 3463 1261 3515 ibid.
1293 3477 1329 3505 c.
1363 3462 1432 3507 19.
1472 3476 1544 3518 ap.
1575 3463 1789 3517 Denzing.
1836 3462 1869 3509 l.
1915 3477 1952 3504 c.
2001 3478 2045 3518 p.
2098 3463 2195 3508 163.
2241 3479 2291 3511 n.
2331 3464 2434 3511 378.
2481 3448 2595 3510 coll.x

509 3532 646 3576 Leon.
678 3534 732 3576 X.
763 3536 871 3579 bull.
901 3537 987 3579 lnt.
1018 3536 1187 3590 multip.
1224 3536 1365 3579 Denz.
1397 3534 1426 3578 1.
1458 3549 1497 3579 e.
1527 3548 1570 3590 p.
1602 3533 1701 3595 219.
1731 3549 1777 3578 n.
1810 3532 1917 3578 6235
1943 3538 2042 3581 coll.
2070 3552 2225 3593 propp.
2255 3537 2326 3582 41.
2356 3537 2428 3584 42.
2458 3539 2580 3581 dam·

510 3611 599 3649 nat.
632 3608 687 3648 ab
718 3608 946 3651 Innocent.
978 3596 1054 3650 XI.
1096 3608 1125 3652 l.
1167 3621 1204 3652 0.
1243 3621 1316 3649 nn.
1350 3606 1478 3651 1058.
1510 3621 1606 3662 sqq.
1651 3609 1707 3650 ab
1737 3608 1988 3652 Alexandro
2017 3611 2117 3652 VII.
2146 3624 2269 3666 prop.
2299 3609 2372 3655 42.
2402 3612 2432 3654 l.
2465 3625 2504 3657 c.
2535 3625 2579 3656 n.
2651 3599 2656 3601 .

511 3678 639 3724 1013.
669 3681 900 3722 Benedicti
929 3681 1050 3725 XIV.
1083 3681 1294 3735 encyclio.
1326 3680 1380 3721 de
1410 3693 1556 3733 usura,
1586 3681 1634 3724 it.
1664 3681 1733 3722 Pii
1753 3682 1874 3728 Vm.
1903 3683 2094 3726 Decreta
2122 3683 2151 3725 l.
2175 3697 2214 3727 c.
2237 3697 2282 3728 n.
2315 3682 2444 3730 1470.
2478 3685 2577 3730 coll.

510 3753 687 3795 resolut.
721 3765 927 3807 congreg.
957 3766 990 3793 s.
1025 3751 1151 3795 Offio.
1181 3752 1360 3806 approb.
1390 3765 1418 3793 a
1448 3751 1659 3806 Gregorio
1688 3752 1810 3797 XVI.
1839 3753 1900 3799 ib.
1932 3752 2061 3800 1471.

686 3823 719 3881 ἢ
752 3825 915 3867 Calixti
941 3826 1024 3870 111.
1059 3825 1222 3869 decret.
1253 3824 1314 3867 ib.
1343 3838 1385 3879 p.
1417 3822 1515 3868 214.
1547 3837 1592 3868 n.
1625 3822 1724 3869 607.

688 3897 721 3953 ⁷)
756 3897 802 3942 S.
834 3898 903 3939 Pii
932 3898 988 3941 V.
1020 3897 1184 3942 decret.
1217 3897 1275 3940 ib.
1305 3909 1348 3951 p.
1379 3893 1480 3940 311.
1511 3908 1555 3938 u.
1588 3894 1687 3939 960.

689 3966 723 4027 ⁸)
753 3971 956 4014 Damnat.
988 3971 1045 4012 ab
1074 3971 1303 4014 Innocent.
1334 3969 1410 4014 XI.
1441 3983 1565 4028 prop.
1596 3968 1668 4014 40.
1698 3969 1728 4012 1.
1763 3984 1802 4015 c.
1832 3984 1878 4031 p.
1907 3969 2010 4019 326.
2041 3983 2084 4014 n.
2117 3969 2213 4017 105.
