2626 4432
93 390 180 442 vel
231 389 389 443 etiam
439 393 550 439 tres
592 381 889 438 numerari:
949 379 1150 449 primus
1192 382 1278 430 est
1327 373 1634 445 praesidum
1689 371 1852 436 ord0,
1907 366 2175 421 secundus

92 486 562 552 presbyterorum,
635 477 979 529 diaconorum
1045 472 1271 538 tertiuS,
1349 474 1568 537 quartus
1648 464 2058 518 illuminatorum
2123 461 2173 512 in

92 577 329 643 Christ0,
368 579 667 643 postremus
709 584 916 635 eorum,
958 567 1047 635 qui
1077 563 1095 596 1
1129 562 1449 630 initiantur.„
1527 558 1710 628 Atque
1750 559 1897 611 hisce
1921 555 2177 623 'aequalis

94 671 322 724 omnium
363 668 597 722 conditio
637 665 929 731 eademque
969 662 1021 713 in
1072 659 1313 713 omnibus
1367 657 1554 708 iurium
1591 653 2000 719 officiorumque
2039 649 2177 702 ratio

93 762 305 834 penitus
346 760 663 820 excluditur.
721 753 954 810 Infertur
990 754 1056 809 ΙΙ.
1094 757 1314 805 romano
1341 747 1616 802 Pontificis
1642 745 1886 815 regimini
1926 744 2178 812 imperio-

94 875 198 926 que
246 856 426 908 resisti·
470 869 575 906 non
636 866 826 921 posse,
881 849 1016 926 quin¹
1057 845 1255 900 Christi
1315 858 1511 910 corpus
1571 839 1895 895 dilaceretur
1953 841 2178 908 ejusque

94 947 236 1003 ovile
267 948 631 1016 dispergatur.
837 952 842 955 ’
1005 926 1007 928 ’
1426 923 1429 926 ’

125 1108 190 1185 X.
231 1133 470 1185 Romana
509 1133 683 1184 unitas
722 1146 756 1184 a
792 1133 1042 1197 potestate
1077 1128 1216 1182 civili
1253 1142 1417 1196 neque
1450 1128 1648 1193 regitur
1685 1138 1850 1192 neque
1887 1122 2137 1177 avellitur.

238 1262 323 1314 37.
366 1260 808 1313 Corollarium
846 1257 905 1310 V.
961 1257 1261 1326 Propterea
1299 1256 1442 1325 quod
1481 1272 1703 1308 romana
1742 1254 1917 1307 unitas
1946 1251 2180 1304 indolem

91 1355 332 1426 praefert
373 1354 646 1407 societatis
686 1351 1134 1421 supernaturaliS,
1166 1351 1293 1419 jure
1334 1350 1551 1418 quidem
1587 1351 1626 1404 I.
1667 1350 1961 1418 colligitur,
2000 1364 2179 1400 rerum
2200 1364 2404 1409 lnfertur.

92 1450 423 1525 publicarum
462 1448 860 1513 moderatoreS,
911 1460 1133 1513 quorum
1171 1449 1416 1513 potestas
1455 1451 1680 1496 naturae
1714 1443 1914 1495 ambitu
1939 1440 2181 1494 ‘circum-

94 1544 294 1613 scripta
331 1543 401 1595 ad
432 1541 730 1594 naturalem
770 1540 930 1592 finem
969 1538 1272 1604 ordinatur,
1323 1554 1388 1590 ea
1427 1538 1718 1591 instructos
1756 1535 2012 1589 facultate
2054 1551 2180 1587 auc-

95 1637 418 1704 toritateque
457 1636 666 1689 censeri
698 1650 803 1687 non
842 1649 1035 1702 posse,
1089 1651 1226 1701 quae
1266 1633 1566 1686 catholicae
1613 1631 1893 1698 eidemque
1927 1645 2181 1682 romanae

92 1731 282 1782 unitati
319 1729 684 1797 efformandae
718 1727 1189 1798 moderandaeque
1227 1746 1328 1798 par
1360 1729 1441 1782 sit.
1519 1727 1666 1791 Quae
1700 1725 1912 1794 quidem
1939 1731 2181 1793 potestas
2200 1742 2355 1776 Rerum
2378 1740 2546 1776 natura.

94 1830 148 1877 et
189 1820 481 1877 auctoritas
522 1839 677 1890 quum
723 1823 990 1876 catholica
1028 1824 1150 1877 loco
1192 1830 1246 1875 et
1285 1830 1529 1893 tempore
1571 1837 1691 1874 esse
1731 1821 1958 1887 debeat,
1999 1836 2182 1887 quem-

95 1917 378 1971 admodum
436 1931 693 1970 romanae
748 1917 964 1970 unitatis
1002 1898 1344 1986 praesidibus
1385 1918 1586 1971 collata
1625 1917 1879 1969 divinitus
1919 1920 2002 1968 est
2033 1911 2071 1983 2,
2110 1915 2184 1966 ita

28 2088 34 2093 ἢ
95 2012 439 2081 imperiorum
479 2013 710 2066 civilium
749 2014 1082 2082 principibus
1120 2015 1300 2067 inesse
1340 2030 1406 2067 eo
1446 2014 1537 2067 vel
1583 2013 1753 2066 minus
1793 2017 1989 2081 potest,
2041 2010 2184 2079 quod

96 2105 304 2158 illorum
346 2106 631 2159 dominium
671 2108 878 2160 varium
938 2107 1362 2176 adstrictumque
1414 2109 1667 2161 limitibus
1720 2108 1818 2174 sit3
1879 2106 2024 2158 unde
2077 2115 2185 2156 non

104 2206 211 2251 tam
250 2207 671 2266 consequeretur
706 2202 880 2253 unitas
920 2201 1240 2253 universalis
1280 2218 1346 2255 ac
1385 2208 1659 2268 constanS,
1716 2217 1871 2268 quam
1911 2199 2184 2266 generalis

101 2292 360 2360 quaedam
398 2293 586 2346 scissio
637 2299 797 2361 atque
850 2294 1042 2347 divisio
1096 2295 1387 2355 secundum
1427 2295 1559 2348 illud
1590 2292 1612 2327 3
1673 2293 1860 2363 „cujus
1895 2298 1978 2345 est
2030 2292 2184 2360 regio

100 2386 342 2456 ejusdem
382 2394 436 2439 et
473 2388 715 2456 religio„
2100 2379 2119 2396 ⁶

251 2521 339 2575 38.
375 2522 692 2576 Nullatenus
719 2539 854 2577 vero
879 2525 1005 2577 inde
1031 2525 1092 2578 lI.
1122 2527 1488 2595 consequitur,
1530 2524 1752 2577 exulare
1775 2523 2094 2589 excludique
2115 2524 2182 2574 ab
2202 2538 2395 2573 societas
2423 2547 2550 2574 sacra

103 2617 222 2683 flla²
277 2631 500 2669 romana
537 2616 749 2683 in(luam
789 2619 1009 2688 unitate,
1056 2626 1309 2689 oportere
1357 2635 1711 2687 quaecunque
1758 2617 1828 2670 ad
1884 2617 2183 2669 naturalem
2201 2591 2552 2678 exryztlennlutura-

100 2710 366 2762 hominum
414 2710 726 2763 societatem
784 2711 1015 2765 faciunt:
1085 2713 1530 2780 quemadmodum
1602 2730 1669 2766 ex
1727 2729 1792 2765 eo
1841 2713 1983 2780 quod
2040 2712 2184 2764 Deus

100 2803 390 2856 institutum
435 2804 665 2856 voluerit
715 2804 956 2858 ordinem
1006 2808 1468 2876 supernaturalem
1516 2821 1670 2860 nemo
1722 2807 1813 2874 qui
1861 2807 2004 2875 sapit
2057 2820 2185 2857 con-

103 2900 308 2968 cludet,
348 2908 573 2954 naturae
613 2902 854 2953 ordinem
892 2902 1104 2970 penitus
1141 2904 1256 2954 sive
1283 2902 1456 2954 everti
1491 2902 1608 2953 sive
1647 2902 1698 2953 in
1727 2916 1786 2952 se
1827 2907 1880 2952 et
1908 2895 2188 2961 οὔσιωὸῶς

102 2994 391 3061 immutari3
447 2995 661 3062 quando
701 3012 731 3046 e
771 2996 1041 3047 contrario
1089 2995 1177 3048 hic
1224 2997 1292 3048 ab
1340 2995 1433 3046 illo
1483 3000 1536 3046 et
1574 2998 1910 3062 supponatur
1958 2992 2187 3060 primum

105 3096 158 3141 et
194 3104 360 3158 porro
380 3088 625 3159 juvetur,
665 3088 999 3158 provehatur
1020 3085 1043 3118 4
1081 3089 1353 3156 multoque
1377 3088 1606 3141 nobilius
1632 3086 1959 3156 perficiatur.
2017 3085 2185 3149 Quum
2205 3105 2379 3142 suares.

226 3289 242 3315 ¹
273 3286 339 3330 De
369 3290 607 3343 postrema
638 3287 789 3332 classe
823 3286 882 3332 cf.
916 3288 1020 3333 Gar.
1054 3289 1184 3334 Pass.
1218 3289 1273 3334 de
1305 3289 1469 3334 eccles.
1503 3289 1674 3335 Christ.
1707 3289 1736 3333 l.
1771 3289 1836 3332 lll.
1869 3302 1906 3332 c.
1938 3289 2012 3331 39.

141 3370 143 3372 “
225 3359 244 3387 ²
275 3361 374 3415 Qua
413 3361 470 3405 de
511 3375 564 3405 re
608 3362 827 3420 egregius
874 3363 1127 3422 theologus
1166 3364 1393 3408 Martinus
1432 3364 1644 3407 Becanus
1694 3362 1956 3420 singularia
1999 3361 2189 3418 scripsit

107 3433 322 3546 pppnvol.
340 3434 418 3548 llll.
452 3434 615 3491 quibus
647 3436 895 3492 primatum
927 3437 1055 3495 regis
1079 3437 1281 3496 Angliae
1307 3436 1583 3493 confutavit,
1609 3436 1716 3480 coll.
1741 3435 1930 3480 Suares.
1963 3435 2018 3478 de
2044 3434 2184 3492 legib.

129 3537 137 3546 .
233 3539 239 3546 .
274 3518 311 3548 c.
372 3539 380 3547 .

227 3578 245 3606 ³
275 3578 373 3622 Hoc
413 3579 610 3623 invaluit
656 3580 902 3625 axiomatis
939 3581 1090 3625 instar
1136 3582 1257 3639 apud
1295 3580 1659 3638 reformatores,
1704 3581 1781 3639 qui
1821 3581 2062 3637 imperium
2095 3594 2188 3624 non

107 3651 253 3695 minus
308 3665 443 3709 quam
481 3652 803 3697 inconsutilem
844 3654 1019 3699 Christi
1064 3658 1241 3698 vestem
1282 3653 1330 3696 in
1375 3653 1536 3710 partes
1583 3655 1866 3698 distraxere:
1917 3653 1973 3697 de
2023 3653 2188 3710 quibus

109 3723 470 3768 luculentissime
503 3725 746 3783 Dollinger
777 3726 823 3769 in
857 3739 931 3783 op.
963 3726 1047 3769 Die
1080 3727 1254 3770 Kirche
1286 3727 1377 3778 und
1410 3726 1483 3770 die
1513 3727 1716 3770 Kirchen
1748 3741 1792 3784 p.
1824 3728 1880 3769 52
1913 3740 2012 3782 sqq.

222 3797 243 3826 4
274 3797 346 3840 Ad
375 3799 472 3842 rem
507 3799 692 3843 Suares.
726 3799 783 3842 de
816 3799 957 3858 legib.
989 3800 1018 3843 1.
1050 3800 1122 3843 111.
1153 3813 1189 3843 c.
1222 3800 1262 3842 6.
1294 3814 1336 3842 n.
1370 3801 1408 3843 9.
1478 3800 1586 3857 „Est
1619 3813 1735 3857 ergo
1777 3812 1952 3842 summa
1990 3798 2190 3842 rationis

95 3870 234 3939 Aquod
266 3867 369 3914 finis
402 3871 605 3915 civilium
638 3872 794 3930 legum
827 3886 912 3929 per
947 3886 996 3916 se
1028 3872 1176 3917 bonus
1209 3875 1304 3927 est,
1337 3876 1384 3916 et
1416 3872 1683 3916 christianis
1711 3873 1849 3916 etiam
1874 3870 2192 3927 necessarius3

109 3953 226 4000 ergo
257 3941 396 3985 etiam
428 3942 561 4000 leges
593 3956 709 3999 quae
742 3943 800 3987 ad
845 3943 974 3987 illum
1007 3944 1305 4000 ordinantur,
1350 3949 1398 3989 et
1437 3946 1743 4003 magistratus
1784 3958 1813 3988 a
1856 3945 2020 4002 quibus
2053 3945 2190 3989 condi

108 4017 334 4074 possunt,
369 4018 475 4059 sunt
504 4015 550 4059 in
584 4015 784 4059 ecclesia
815 4017 1080 4061 necessarii.
1141 4017 1251 4061 Item
1283 4017 1357 4062 hic
1395 4019 1514 4063 ordo
1547 4017 1778 4062 naturalis
1810 4022 1905 4074 est,
1949 4022 1997 4062 et
2028 4017 2187 4076 gratia

1758 4092 1847 4149 2*
