2626 4432
103 1510 290 1546 Potestas
313 1508 440 1544 eccle-

101 1562 190 1597 siae
244 1569 344 1596 euos
395 1561 440 1594 in

1305 185 1369 191 ,-
1447 150 1663 207 50,

602 321 670 374 Et
708 320 879 373 codex
919 318 1182 371 ecclesiae
1224 329 1328 381 quo
1368 312 1578 365 tandem
1623 310 1931 363 recideret?
1991 310 2169 362 nullae
2219 312 2395 363 forent
2433 327 2526 380 sy-

459 415 711 467 nodorum
751 418 805 463 et
841 409 1151 462 Pontificum
1191 408 1514 466 sanctioneS‚
1556 404 1746 471 quibus
1786 402 1875 454 vel
1914 402 1980 453 de
2007 403 2194 454 ritibus
2221 419 2526 456 sacramen-

461 515 656 570 torum,
696 504 785 555 vel
826 502 892 554 de
931 502 1172 554 coetibus
1206 498 1491 557 habendiS,
1547 495 1635 546 vel
1676 495 1744 548 de
1783 491 2134 547 electionibus
2173 496 2526 563 celebrandiS,

464 598 548 649 vel
588 595 655 648 de
709 595 858 648 bonis
911 592 1228 650 diribendiS,
1280 591 1368 640 vel
1420 589 1486 662 de
1526 588 1696 639 forma
1746 588 1795 638 in
1828 587 2047 656 judiciis
2097 589 2367 642 servanda
2417 589 2527 641 dis-

457 690 694 759 ponitur3
755 693 913 753 atque
959 686 1082 736 ideo
1131 684 1306 735 nullae
1345 689 1549 747 essent,
1610 681 1749 747 quod
1803 684 1938 734 haec
1982 682 2157 734 omnia
2211 690 2266 734 et
2315 683 2528 751 singula

455 781 689 834 externis
727 779 930 831 actibus
969 776 1419 828 administrantur.
1497 773 1646 836 Quae
1684 790 1798 826 cum
1838 775 1911 826 ita
1951 775 2074 840 sint,
2124 774 2527 828 concludemus:

454 874 582 926 nihil
620 871 852 938 confingi
890 868 1171 923 absurdius
1211 867 1484 936 potuisse,
1524 883 1680 934 quam
1710 868 1852 934 quod
1890 869 2166 936 imperium
2195 869 2528 937 corporibuS,

455 964 683 1017 ecclesia
721 962 927 1014 nonnisi
968 960 1152 1012 animis
1192 959 1527 1010 moderetur:
1565 959 1839 1026 utriusque
1881 965 2123 1026 potestas
2176 962 2272 1014 toti
2309 968 2530 1030 praeest

454 1057 681 1122 homini,
720 1055 814 1106 sed
855 1069 958 1106 non
998 1053 1259 1119 totaliter,
1299 1058 1355 1104 ut
1394 1053 1566 1119 aiunt,
1607 1067 1711 1104 non
1754 1053 2046 1106 secundum
2087 1056 2288 1123 omnia,
2342 1060 2529 1109 verum

454 1164 552 1218 pro
591 1163 686 1202 suo
726 1164 967 1215 quaeque
1006 1146 1127 1198 fine.
2387 1130 2390 1133 ’

640 1348 756 1401 XV.
797 1350 1062 1402 Romanae
1093 1350 1362 1415 potestatis
1401 1347 1608 1415 effectus
1646 1364 1751 1402 non
1789 1354 1910 1402 sunt
1946 1363 2088 1404 mere
2125 1353 2335 1404 aeterni.

600 1486 680 1540 59.
712 1484 804 1538 Ad
844 1487 1097 1555 alterum,
1143 1487 1286 1554 quod
1319 1493 1554 1556 *spectat
1600 1487 1863 1555 errbrem,
1916 1502 2022 1555 quo
2055 1482 2075 1516 1
2127 1484 2530 1540 ecclesiasticae

99 1612 230 1648 tem-⁸
286 1581 732 1656 quoquepotestatis
772 1580 992 1633 effectus
1032 1581 1100 1633 ad
1141 1582 1347 1634 coelum
1390 1586 1762 1634 reservantur:
1804 1579 2026 1632 dicimus
2068 1578 2347 1631 adversari
2383 1577 2527 1631 illum

99 1659 265 1704 effectus
310 1663 435 1698 habet.

181 1926 439 1972 scripturae.

453 1672 665 1725 disertis
705 1671 1015 1742 Scripturae
1065 1677 1270 1744 verbiS,
1327 1678 1654 1731 christianae
1704 1675 2004 1742 traditioni,
2055 1680 2111 1727 et
2162 1675 2358 1727 rationi
2407 1674 2528 1744 ipsi,

454 1782 558 1833 qua
595 1766 833 1820 homines
874 1784 1065 1821 sumuS.

561 1954 564 1957 ι
597 1917 680 1971 60.
718 1916 1059 1971 Adversatur
1085 1918 1425 1989 Scripturae,
1465 1938 1584 1974 nam
1617 1921 1807 1974 Matth.
1836 1919 1980 1974 XVI.
2009 1926 2064 1972 et
2088 1918 2286 1972 XV111.
2321 1918 2530 1986 dicitur,

393 2055 403 2059 ,
452 2013 569 2064 fore
608 2019 663 2063 ut
702 2011 921 2078 ligatum
961 2014 1048 2066 vel
1087 2014 1314 2067 solutum
1352 2016 1422 2068 sit
1459 2016 1511 2068 in
1553 2015 1745 2082 coeliS,
1786 2014 1929 2083 quod
1955 2004 2249 2081 ,potestate
2276 2011 2529 2066 divinitus

390 2161 393 2163 Α
454 2111 676 2173 accepta
714 2105 931 2172 legitimi
972 2107 1248 2173 praesules
1286 2107 1575 2175 ligaverint
1623 2108 1713 2159 vel
1751 2107 2014 2159 solverint
2048 2106 2098 2158 in
2144 2105 2319 2158 terris,
2378 2103 2530 2172 Ergo

453 2196 506 2247 in
545 2196 710 2248 coelis
747 2197 1078 2250 ratihabetur
1121 2198 1262 2265 quod
1316 2199 1366 2251 in
1418 2205 1564 2252 terra
1615 2199 1921 2268 peragitur,
1973 2215 2107 2266 ergo
2146 2199 2388 2267 potestas
2437 2198 2559 2251 ec-i‘

453 2290 749 2342 clesiastica
789 2305 915 2343 suos
954 2291 1178 2344 effectus
1215 2293 1267 2343 in
1307 2293 1465 2345 terris
1505 2294 1727 2361 primum
1770 2293 1988 2345 exserit.

595 2441 731 2505 Quid
769 2458 900 2495 vero
938 2444 1092 2512 iilud,
1133 2446 1276 2512 quod
1302 2447 1505 2499 Matth.
1534 2445 1728 2500 XV111.
1769 2446 2015 2514 additur,
2047 2435 2220 2499 *veluti
2259 2433 2528 2500 ethnicum

453 2705 548 2750 illis
578 2710 762 2752 vetare:
809 2710 861 2765 4)
893 2713 1176 2766 potestatem
1207 2712 1526 2772 legislativam
1557 2727 1650 2759 non
1681 2727 1823 2771 posse
1856 2714 2042 2772 assequi
2062 2713 2205 2758 'suum
2234 2710 2394 2770 finem,
2439 2711 2531 2758 nisi

454 2779 501 2822 in
531 2780 728 2824 materia
758 2782 956 2827 omnium
984 2785 1204 2830 virtutum
1235 2788 1517 2844 praecipiat:
1567 2790 1619 2847 5)
1652 2788 1784 2846 leges
1828 2787 1990 2832 civiles
2021 2787 2278 2847 intendere,
2302 2786 2430 2832 cives
2462 2783 2530 2843 fa-

457 2864 563 2895 cere
591 2851 740 2896 bonos
770 2854 920 2911 viros,
952 2856 1059 2913 quia
1090 2872 1183 2903 non
1215 2865 1414 2917 possunt
1443 2861 1585 2905 aliter
1617 2859 1776 2905 facere
1807 2861 1958 2906 bonos
1984 2861 2132 2905 cives:
2167 2861 2221 2919 6)
2255 2873 2413 2905 omnes
2435 2859 2530 2904 vir-

456 2927 579 2968 tutes
606 2926 809 2970 morales
840 2931 919 2971 aut
960 2942 1063 2973 esse
1095 2931 1153 2975 ad
1184 2932 1384 2977 alterum
1413 2935 1667 2990 hominem,
1716 2938 1797 2979 aut
1842 2935 1902 2980 ad
1942 2948 2017 2988 se,
2064 2938 2145 2979 aut
2186 2933 2244 2977 ad
2274 2934 2445 2989 Deum,
2483 2936 2532 2977 et

455 2998 699 3041 secundum
730 3012 885 3044 omnes
917 3001 1004 3045 hos
1035 3008 1277 3061 respectus
1328 3021 1470 3064 posse
1510 3009 1786 3066 praecipere
1836 3008 1968 3066 leges
2001 3007 2189 3051 civiles:
2234 3009 2281 3050 et
2312 3009 2365 3064 7)
2397 3005 2528 3064 leges

457 3069 615 3113 civiles
649 3084 741 3115 non
771 3086 910 3129 posse
940 3073 1055 3119 ferri
1086 3076 1142 3120 de
1174 3078 1383 3122 omnibus
1415 3080 1597 3124 actibus
1641 3080 1840 3124 omnium
1885 3085 1933 3125 et
1972 3079 2260 3137 singularum
2291 3078 2528 3122 virtutum.

456 3143 595 3199 Atqui
623 3144 739 3188 haec
781 3149 932 3190 mente
979 3149 1159 3206 concipi
1202 3157 1457 3208 nequeunt,
1505 3153 1596 3196 nisi
1640 3153 1761 3211 legis
1809 3153 1961 3197 civilis
1993 3152 2248 3210 subiectum
2294 3152 2434 3196 homo
2469 3151 2531 3195 sit

457 3219 679 3271 quatenus
710 3220 809 3262 tota
840 3211 1037 3264 rationis
1070 3234 1181 3266 suae
1214 3224 1262 3266 vi
1291 3225 1454 3281 pollet.

575 3289 591 3316 ¹
623 3288 735 3333 Cum
764 3293 960 3348 utroque
991 3293 1080 3338 hoc
1110 3308 1271 3341 errore
1296 3295 1549 3343 cohaerere
1579 3312 1738 3343 eorum
1763 3298 1990 3344 sentiendi
2012 3297 2321 3355 loquendique
2346 3295 2529 3341 modum

459 3359 660 3417 diceres,
692 3375 782 3419 quo
812 3364 1047 3411 ministros
1079 3368 1253 3414 Christi
1283 3384 1533 3430 eorumque
1570 3371 1842 3428 ministeria,
1874 3372 1951 3428 qui
1969 3385 2055 3429 pro
2081 3371 2271 3416 Christo
2288 3369 2542 3428 legatione,

457 3429 711 3490 funguntur
741 3435 800 3478 ab
832 3439 1058 3494 externis,
1091 3441 1374 3499 visibilibus,
1408 3445 1620 3489 sensibus
1653 3444 1891 3500 obnoxiis,
1926 3447 1976 3488 ut
2006 3443 2153 3487 verbo
2186 3442 2359 3495 dicam,
2392 3455 2421 3485 a
2453 3455 2530 3486 so-

458 3505 652 3549 cialibus
685 3507 892 3553 omnibus
924 3511 1153 3557 hominum
1181 3516 1392 3573 placitis,
1424 3518 1582 3562 usibus
1615 3530 1671 3561 ac
1701 3517 1908 3562 moribus
1941 3516 2129 3561 exclusa
2153 3515 2318 3560 volunt
2347 3527 2402 3559 ac
2434 3513 2530 3572 sig-

457 3575 669 3635 nificant,
700 3579 833 3637 idque
863 3586 1191 3642 praetendunt,
1238 3594 1454 3645 spectare
1485 3591 1595 3635 illos
1627 3595 1674 3635 et
1713 3591 1798 3634 illa
1841 3590 1900 3635 ad
1939 3590 2124 3634 interna
2164 3588 2425 3642 dumtaxat,
2468 3585 2529 3630 ad

457 3662 581 3694 mere
612 3652 867 3710 spiritalia,
900 3657 958 3699 ad
988 3658 1212 3704 coelestia
1243 3674 1298 3706 ac
1330 3663 1507 3719 divina,
1552 3663 1932 3721 operationisque
1974 3675 2136 3706 eorum
2167 3659 2285 3704 adeo
2319 3670 2527 3714 campum

458 3735 694 3768 sacrorum
726 3740 875 3784 prope
906 3731 1181 3787 templorum
1203 3737 1347 3780 muris
1372 3737 1835 3781 circumscribendum
1859 3742 1974 3780 esse.
2034 3731 2256 3777 Nimirum
2287 3730 2521 3776 Christum

458 3807 674 3853 suamque
705 3801 950 3846 ecclesiam
979 3803 1039 3847 ab
1071 3807 1268 3852 humana
1299 3809 1526 3854 societate
1557 3814 1606 3854 et
1636 3810 1894 3868 generatim
1934 3808 1992 3850 ab
2034 3807 2123 3850 hac
2161 3803 2338 3850 visibili
2368 3816 2523 3847 rerum

460 3866 760 3916 universitate
790 3875 1028 3931 expulsum
1065 3879 1239 3924 vellent
1283 3886 1421 3939 atque
1463 3885 1724 3928 extorrem!
1779 3881 1872 3927 Sed
1923 3880 2027 3938 „qui
2068 3876 2249 3922 habitat
2287 3876 2333 3921 in
2373 3875 2521 3921 coelis

460 3940 672 3987 irridebit
703 3959 805 4002 eos,
836 3952 884 3992 et
913 3950 1131 3995 Dominus
1162 3953 1464 4000 subsannabit
1495 3959 1630 4014 eosl„
