2716 4446
698 393 745 448 7.
788 391 1020 465 qualitas
1060 394 1178 447 eius
1236 412 1301 447 ac
1339 394 1509 463 valor,
1570 413 1675 466 quo
1727 394 1928 450 nullius
1966 398 2155 469 inpetu
2205 398 2377 452 hostis
2426 400 2608 454 vinci·'
2672 387 2677 393 ¹

523 495 632 541 tur:
674 496 727 540 et
2500 560 2502 562 Ι

697 582 744 637 8.
784 581 1002 635 tandem
1064 583 1291 635 actionis
1349 590 1462 636 tum
1523 585 1748 637 effectus
1787 593 1898 638 tum
1941 586 2254 658 amplitudo,
2294 607 2401 660 qua
2439 587 2597 643 sedes

519 675 666 729 Petri
706 694 919 728 omnem
959 676 1162 748 ubique
1220 685 1275 730 et
1333 696 1550 748 semper
1606 677 1784 731 inbuit
1842 679 2130 733 ecclesiam
2168 681 2354 734 divina
2410 681 2598 736 salutis

519 768 641 838 fide,
683 788 822 841 quae
863 777 974 822 tam
1031 778 1119 823 est.
1172 773 1228 824 in
1289 791 1346 824 se
1405 780 1554 825 certa
1611 791 1674 825 ac
1712 773 2032 843 infallibilis,
2091 794 2253 846 quam
2292 785 2375 829 est
2412 783 2598 830 contra

521 862 796 916 diabolum
823 874 1118 936 portasque
1146 866 1309 918 inferi
1336 868 1543 919 invicta
1569 886 1632 920 ac
1659 869 2064 939 insuperabilis
2103 871 2331 939 Invicta,
2358 872 2596 942 inquam,

519 957 678 1026 facte,
741 959 886 1030 quod
942 977 1116 1031 usque
1157 959 1336 1013 adhuc
1375 960 1602 1014 historia
1639 969 1904 1032 testatur3
1944 964 2278 1018 invincibilis
2318 962 2510 1020 autem⁴
2534 984 2599 1021 ac

518 1051 902 1124 insuperabilis
941 1054 1076 1122 iure,
1118 1053 1263 1125 quod
1302 1053 1489 1108 divina
1527 1057 1814 1126 promissio
1852 1039 2182 1111 tutissimum
2218 1058 2363 1116 facit.

159 1152 505 1236 fflzzjgfiffirglevugss
696 1148 812 1203 184.
836 1147 958 1202 Hoc
977 1167 1212 1221 namque
1238 1149 1535 1204 discrimen
1557 1158 1641 1204 est
1659 1153 1803 1205 inter
1824 1153 2110 1224 episcopos
2138 1153 2410 1225 quoslibet
2435 1154 2600 1227 parti·

232 1240 428 1276 ‘³²⁸⁶r‘mm·
521 1241 732 1295 culares
754 1246 999 1314 interque
1020 1262 1302 1296 romanum
1326 1246 1660 1316 episcopum,
1697 1246 1841 1317 quod
1873 1246 2088 1300 illorum
2111 1249 2311 1319 singuli
2334 1251 2392 1303 in
2416 1248 2598 1304 cathe-

519 1339 632 1393 dris
655 1341 765 1393 suis
787 1339 1099 1394 authentice
1122 1341 1358 1413 quidem,
1381 1342 1437 1395 id
1458 1350 1541 1396 est
1561 1361 1685 1396 cum
1718 1345 2054 1414 auctoritate,
2076 1347 2141 1398 ea
2160 1353 2343 1398 tamen
2363 1343 2603 1416 obnoxia-

519 1433 807 1488 cathedrae
830 1454 1114 1506 supremae
1136 1436 1382 1506 doceant,
1401 1446 1455 1491 et
1474 1437 1603 1492 licet
1622 1446 1682 1492 ut
1698 1437 1994 1509 plurimum
2014 1439 2254 1511 profecto
2274 1454 2383 1493 non
2402 1447 2596 1509 errent,
2647 1433 2650 1438 ’

519 1535 756 1581 attamen
792 1548 973 1582 errare
1013 1531 1252 1602 possint3
1291 1549 1550 1585 romanae
1590 1540 1779 1586 contra
1816 1532 2114 1604 itidemque
2142 1551 2426 1604 supremae
2453 1533 2598 1586 sedis

519 1625 808 1696 episcopus
847 1643 956 1678 non
993 1632 1202 1679 tantum
1244 1625 1312 1679 de
1348 1620 1493 1680 'facto
1532 1645 1641 1680 non
1682 1635 1840 1696 erret,
1895 1627 1990 1680 sed
2039 1628 2217 1699 neque
2255 1628 2600 1698 permittatur
2643 1697 2646 1699 Α

519 1737 714 1787 errare,
757 1727 811 1773 et
850 1719 1122 1772 charisma
1159 1719 1564 1775 infallibilitatis
1602 1739 1713 1774 non
1750 1720 1950 1775 habeat
1991 1725 2065 1775 ‘ut
2102 1720 2426 1774 beneficium
2467 1739 2598 1774 suae

517 1832 799 1885 personae,
860 1813 955 1868 sed
1011 1815 1090 1866 uti
1148 1813 1327 1868 dotem
1368 1814 1655 1886 apostolici
1693 1816 1950 1884 muneris,
1992 1819 2097 1887 qli'o
2142 1807 2412 1888 'tanquam
2451 1815 2610 1869 sedis>

517 1927 774 1962 romanae
831 1909 1121 1980 episcopus
1178 1916 1410 1978 tenetur,
1464 1917 1524 1962 ut
1581 1911 1747 1963 totius
1798 1908 2066 1963 ecclesiae
2118 1909 2598 1977 fidelibuspnorma
2647 1961 2651 1965 .

519 2003 764 2056 veritatis
803 2004 1128 2057 innotescat.

244 2111 459 2153 Simpliffl'ffl·
694 2112 813 2169 185.
841 2111 995 2165 Idem
1022 2130 1152 2166 sane
1175 2113 1424 2185 estquod
1445 2113 1604 2167 docet
1638 2112 1952 2185 Simplicius
1991 2133 2134 2186 papa
2153 2113 2194 2186 1)
2229 2113 2299 2167 ad
2318 2111 2596 2186 Zenonem

516 2207 823 2276 Augustum
865 2206 1135 2262 scribens:
1169 2205 1364 2276 „Certe
1387 2216 1447 2262 ut
1466 2207 1642 2261 facilis
1664 2207 1821 2261 vobis
1863 2208 2170 2261 necessaria
2206 2227 2315 2261 non
2339 2207 2481 2261 desit
2516 2209 2595 2262 in-

434 2309 440 2315 ’
518 2301 743 2354 structio
768 2302 812 2368 2)
854 2301 1150 2354 earundem
1191 2301 1530 2372 exemplaria
1568 2301 1868 2355 litterarum
1913 2302 2282 2375 (romanorum
2321 2290 2528 2356 scilicet
2549 2300 2594 2375 ³)
2637 2298 2645 2303 ’

519 2395 924 2468 cpiscoporum)
982 2395 1310 2449 adfratrem
1366 2403 1419 2448 et
1457 2396 1841 2467 coepiscopum
1892 2404 2136 2449 nostrum
2174 2395 2434 2449 Acacium
2471 2395 2596 2449 misi

517 2491 715 2542 vestris
756 2489 1005 2542 sensibus
1064 2490 1358 2543 offerenda.
1415 2490 1570 2543 Haec
1625 2491 1794 2561 igitur
1849 2490 2024 2560 pietas
2082 2497 2173 2542 tua
2226 2490 2271 2541 si
2307 2503 2615 2555 recensere

517 2583 786 2654 dignetur,
826 2583 916 2636 vel
955 2602 1095 2655 quae
1134 2583 1299 2636 totius
1342 2582 1583 2637 Orientis
1640 2584 1885 2654 episcopi
1936 2582 2002 2643 de
2040 2582 2200 2636 huius
2232 2583 2592 2656 praedicatio-

516 2678 601 2730 nis
641 2679 997 2731 consensione
1036 2679 1431 2748 rescripserint,
1473 2670 1702 2749 aspiciet
1738 2676 1979 2748 profecto
2019 2677 2330 2729 examinata
2365 2675 2592 2746 diligen-

516 2780 614 2840 ter,
656 2779 710 2825 et
753 2771 1022 2825 veraciter
1059 2772 1421 2843 promulgata,
1479 2780 1642 2843 atque
1698 2771 1822 2824 ideo
1863 2770 2154 2842 pestiferae
2193 2769 2444 2823 falsitatis
2482 2788 2592 2822 ama

516 2866 751 2936 bagibus
790 2886 1136 2939 nequaquam
1175 2867 1376 2920 debere
1417 2867 1640 2938 pulsari.
1681 2865 1825 2933 Quia
1862 2884 2069 2934 revera,
2127 2883 2265 2936 quae
2305 2864 2372 2917 de
2410 2862 2592 2936 Scrip-

516 2968 760 3013 turarum
819 2961 966 3014 fonte
1022 2962 1313 3032 purissimo
1373 2953 1588 3014 sincera
1636 2961 2034 3032 perspicuaque
2085 2966 2388 3028 manarunt,
2427 2956 2591 3011 nullis

694 3257 727 3313 ¹)
757 3258 899 3312 Epist.
945 3257 1020 3300 IV.
1066 3269 1137 3309 ap.
1156 3254 1322 3309 Mign
1368 3254 1445 3297 lat
1492 3254 1579 3297 ΡΡ.
1626 3257 1658 3297 t
1690 3250 1763 3296 58
1795 3266 1839 3307 p.
1869 3250 1938 3295 40.
1979 3251 2035 3292 ad
2076 3251 2337 3292 Basiliscum
2380 3248 2588 3307 scriptam

517 3330 743 3385 epistolam
775 3329 937 3371 adserit
966 3328 1129 3382 Pagius
1159 3326 1215 3368 ad
1245 3340 1345 3367 ann.
1376 3324 1478 3368 476.
1869 3343 1874 3349 ·
2593 3330 2601 3337 Χ

696 3403 729 3458 ²)
763 3402 1020 3443 Consonant
1048 3399 1158 3440 haec
1189 3399 1419 3452 perspicue
1462 3411 1561 3438 cum
1606 3398 1674 3450 iis,
1723 3409 1835 3450 quae
1867 3395 2082 3450 superiori
2111 3395 2223 3436 libro
2254 3408 2292 3438 c.
2323 3394 2588 3445 HI.n.1V.

517 3476 569 3516 de
601 3476 719 3516 facili
752 3473 1151 3527 compendiosaque
1181 3471 1377 3512 veritatis
1412 3469 1747 3523 cognoscendae
1767 3470 1841 3510 via
1864 3467 2105 3509 secundum
2125 3467 2325 3513 Maiores
2346 3467 2590 3510 statuimus.
2611 3461 2617 3468 Χ
2647 3468 2657 3482 “

692 3545 726 3599 3)
758 3547 826 3587 De
858 3545 1014 3598 quibus
1045 3544 1155 3584 haec
1185 3543 1350 3583 ibidem
1389 3556 1432 3596 p.
1474 3539 1544 3583 39.
1593 3542 1839 3595 praemisit:
1889 3539 2071 3592 „Neque
2117 3540 2234 3580 enim
2279 3539 2588 3583 conscientiam

517 3622 707 3660 vestram
736 3618 872 3659 latere
904 3615 1169 3657 credendum
1216 3618 1295 3665 est,
1342 3627 1454 3668 quae
1499 3626 1578 3667 per
1624 3617 1805 3653 cunetas
1836 3612 2083 3666 provincias
2114 3610 2306 3652 Orientis
2337 3625 2392 3652 ex
2419 3609 2589 3664 imperii

516 3691 649 3731 vestri
679 3703 779 3732 arce
811 3690 968 3730 diffusa
997 3692 1123 3729 sunt:
1170 3686 1248 3728 illa
1268 3731 1273 3735 ,
1292 3687 1472 3738 scilicet,
1509 3700 1621 3740 quae
1652 3687 1723 3728 vel
1770 3678 1843 3726 ad'
1856 3688 2068 3739 augustae
2098 3685 2332 3725 memoriae
2361 3683 2588 3733 Marciani,

516 3761 799 3803 nihilominus
832 3765 875 3802 et
902 3761 1079 3811 Leonis,
1111 3760 1181 3800 vel
1213 3759 1269 3799 ad
1302 3755 1662 3799 chalcedonensis
1694 3757 1869 3798 concilii
1884 3757 2038 3797 beatae
2067 3755 2378 3806 recordationis
2405 3753 2586 3808 praede·

518 3847 663 3875 cessor
692 3847 814 3874 meus
845 3834 937 3874 Leo
984 3832 1185 3873 consulta
1214 3830 1395 3872 direxit:
1439 3831 1596 3884 quibus
1640 3831 1703 3870 ita
1732 3829 1860 3883 plene
1890 3832 2021 3882 atque
2051 3826 2240 3868 dilucide
2269 3829 2584 3867 sacramentum

519 3905 762 3947 dominicae
790 3906 1106 3947 incarnationis
1137 3905 1351 3958 exposuit,
1384 3908 1433 3944 ut
1449 3912 1550 3944 *non
1579 3902 1994 3951 modo‘catholicus,
2027 3899 2103 3941 sed
2125 3911 2183 3939 ne.
2205 3897 2465 3938 christianus
2491 3897 2585 3951 qui·

519 3978 615 4018 dem
645 3978 792 4019 valeat
820 3978 1081 4032 nuncupari,
1122 3977 1320 4031 quisquis
1360 3976 1451 4017 illic
1494 3979 1538 4016 et
1574 3973 1884 4027 redemptionis
1922 3984 2028 4013 suae
2052 3982 2214 4012 causas
2243 3982 2333 4010 non
2363 3963 2603 4010 evidenter*

518 4054 768 4104 agnoscat„
803 4049 982 4091 Scilicet
1010 4062 1189 4090 romana
1218 4047 1325 4089 fides
1356 4047 1570 4089 catholica
1600 4050 1699 4089 est.-
