2716 4446
1026 204 1373 268 ...43-

172 355 358 416 bibitis
415 357 530 413 sive
587 354 735 412 aliud
791 355 921 429 quid
975 355 1152 409 facitis
1167 394 1181 424 ,
1242 351 1424 406 omnia
1477 349 1533 403 in
1591 348 1820 421 gloriam
1857 344 1967 401 Dei
2018 342 2229 417 facite„

172 454 342 526 Atqui
361 459 419 506 ut
435 451 570 506 haec
590 450 856 523 completa
875 449 1247 517 disiunctione,
1271 444 1724 519 quemadmodum
1743 443 1907 515 logici
1926 442 2235 514 loquuntur,

174 546 449 618 negotium
485 545 763 599 hominum
798 542 1007 598 nullum
1045 542 1327 614 excipiunt
1362 539 1454 595 vel
1493 538 1816 608 excludunt,
1874 540 1952 591 ita
1987 555 2238 591 necessa-

174 641 313 694 rium
352 641 592 695 cuiusvis
631 639 879 693 salutaris
917 638 1146 691 actionis
1188 642 1535 709 praeceptum
1572 633 1874 690 involvunt.
1951 631 2062 686 Sed
2100 630 2240 687 salu-

176 735 308 788 taris
345 735 519 787 omnis
557 734 834 805 praecepti
869 730 1248 804 promulgati0‚
1305 730 1709 801 interpretatio,
1769 745 1974 799 suaque
2014 725 2084 780 ad
2122 744 2240 796 spe-

177 827 377 882 cimina
414 847 637 882 casuum
673 828 876 899 aptatio
915 845 1024 879 non
1061 833 1145 879 est
1198 825 1304 877 nisi
1359 841 1529 895 penes
1584 823 1860 876 institutos
1911 820 1981 875 ab
2019 827 2242 874 auctore

177 920 365 975 salutis
403 922 632 977 arbitros
670 930 832 992 atque
870 920 1144 973 ministros
1174 918 1214 990 ¹)
1254 918 1348 990 qui
1383 921 1445 980 τῇ
1487 919 1728 995 ἐπισκοπῇ
1769 913 2061 969 excellunt.

2280 928 2315 964 I.
2333 927 2416 960 Tim.
2432 926 2495 961 IV.
2514 925 2565 958 16.

347 1037 435 1091 48.
473 1037 618 1090 Hinc
643 1044 726 1090 est
752 1035 896 1108 quod
922 1034 1109 1089 doctor
1134 1034 1380 1106 gentium
1403 1032 1448 1105 2)
1488 1031 1585 1086 ubi
1613 1031 1842 1086 selectos
1872 1051 1905 1084 a
1931 1050 1988 1085 se
2016 1049 2244 1102 gregum
2298 1043 2576 1075 Panicuzarium

177 1137 422 1202 pastores
459 1130 526 1184 de
565 1129 757 1184 officiis
795 1126 1197 1200 episcopalibus
1236 1126 1488 1195 instituit,
1528 1144 1664 1196 opus
1689 1125 1734 1197 3)
1775 1144 1963 1179 eorum
2001 1122 2247 1177 extendit

2258 1088 2448 1128 specimina
2454 1095 2606 1120 casuum.

178 1233 288 1279 tam
325 1223 395 1277 ad
431 1241 616 1278 omnes
640 1223 685 1295 4)
723 1223 968 1276 homines
1006 1222 1326 1292 generatim,
1366 1238 1530 1291 quam
1570 1219 1856 1290 speciatim
1893 1218 1964 1273 ad
2003 1217 2294 1289 singulosI·
2317 1231 2402 1264 Tim·
2415 1230 2469 1265 H.
2484 1231 2519 1265 1·
2532 1239 2608 1270 sqq.

177 1316 452 1372 hominum
490 1316 705 1370 ordines
729 1314 802 1388 ⁵),
840 1323 1128 1387 utrumque
1152 1314 1197 1387 ⁶)
1238 1333 1460 1383 sexum,
1502 1312 1742 1385 singulas
1767 1312 1813 1385 ⁷)
1853 1320 2086 1382 aetates,
2141 1314 2247 1365 sin·
2264 1332 2294 1364 1.
2318 1330 2406 1366 Tim.
2427 1330 2468 1365 V.
2490 1331 2519 1362 1.
2534 1339 2607 1369 ης.

177 1409 333 1483 gulas
357 1409 400 1482 8)
439 1409 790 1479 conditiones,
831 1409 1183 1482 singulosque
1207 1409 1252 1481 ⁹)
1293 1416 1493 1463 status:
1535 1407 1788 1480 quodque
1828 1406 2007 1461 eidem
2031 1405 2295 1461 illorum-⁷-
2315 1419 2399 1452 Tim.
2417 1418 2475 1453 VI·
2494 1419 2608 1456 zm-

359 1743 387 1799 ¹)
417 1744 454 1790 1.
486 1742 599 1786 Tim.
630 1743 710 1789 IV.
742 1742 813 1789 16.
847 1742 1011 1786 Ταῦτα
1042 1740 1377 1795 ὑποτιθέμενος
1405 1747 1504 1789 τοῖς·
1535 1740 1766 1795 ἀδελφοῖς,
1808 1741 1944 1788 κάλος·
1985 1745 2061 1801 ἔσῃ
2094 1741 2253 1785 διάκο-

175 1828 252 1860 νος
280 1814 490 1874 Χριστοῦ
516 1812 675 1871 Ἰησοῦ,
709 1815 1032 1874 ἐκτρεφόμενος
1062 1821 1161 1862 τοῖς
1190 1815 1344 1870 λόγοις
1372 1816 1454 1872 τῆς·
1483 1816 1677 1861 πίστεως·
1712 1816 1789 1858 καὶ
1827 1816 1912 1873 τῆς
1950 1817 2087 1872 καλῆς
2118 1817 2253 1858 διδα-

178 1887 374 1940 σκαλίας,
416 1879 447 1946 ᾗ
491 1887 936 1946 παρηκολούθηκαςε
985 1891 1139 1944 „Haec
1186 1904 1438 1945 proponens
1468 1891 1692 1945 fratribus,
1735 1891 1877 1933 bonus
1923 1892 2009 1933 eris
2054 1891 2255 1932 minister

179 1961 344 2004 Christi
371 1963 484 2005 Jesu
514 1964 728 2005 enutritus
758 1964 905 2005 verbis
937 1963 1041 2006 fidei
1071 1968 1115 2006 et
1143 1964 1285 2006 bonae
1317 1964 1555 2017 doctrinae,
1599 1978 1731 2018 quam
1763 1968 1992 2006 assecutus
2025 1977 2116 2017 es.,‚
2163 1964 2254 2004 Eos

177 2047 307 2089 porro
336 2035 571 2077 instructos
601 2039 831 2090 potestate,
861 2036 1044 2090 imperio
1075 2037 1168 2078 sive
1201 2031 1328 2093 ἀρχῇ
1359 2036 1493 2078 fuisse
1523 2040 1673 2078 tuetur
1701 2050 1755 2077 ac
1783 2036 1980 2077 vindicat
2010 2036 2064 2077 de
2096 2036 2253 2078 eccles.

179 2107 397 2152 hierarch.
442 2108 474 2153 1.
519 2109 602 2152 ΠΙ.
649 2122 710 2150 00.
758 2108 797 2152 9.
845 2122 940 2163 sqq.
988 2110 1174 2151 eximius
1218 2110 1430 2151 Petavius
1474 2109 1522 2150 id
1553 2112 1705 2150 contra
1735 2107 2000 2151 Salmasium
2032 2109 2253 2162 evincens,

2355 2114 2529 2147 Petaviue.

180 2179 387 2233 „Petrum
417 2184 460 2221 et
489 2180 675 2221 Paulum
712 2180 1034 2235 Apostolosque
1080 2185 1248 2223 ceteros
1293 2195 1383 2223 non
1424 2185 1595 2222 tantum
1631 2182 1852 2223 ministros
1894 2195 1947 2223 ac
1991 2182 2114 2223 velut
2158 2182 2253 2224 offi-
2324 2214 2331 2223 ,

183 2251 329 2305 eiales,
361 2252 729 2306 apparitoresque,
761 2253 838 2294 sed
868 2253 1004 2295 fuisse
1034 2254 1217 2308 imperio
1260 2267 1312 2295 ac
1350 2257 1568 2308 potestate
1597 2254 1847 2308 praeditos„
1890 2255 2049 2309 quibus
2082 2255 2257 2297 excellit

180 2324 474 2378 magistratus,
506 2325 630 2365 cuius
661 2324 799 2377 „haec
829 2329 896 2366 est
925 2326 1007 2378 vis,
1040 2325 1281 2367 secundum
1314 2325 1573 2367 Ciceronem
1604 2326 1658 2367 de
1688 2327 1777 2380 leg.
1818 2327 1850 2371 1.
1882 2327 1966 2371 ΙΠ.
1997 2331 2047 2368 ut
2075 2328 2254 2381 praesit,

179 2396 540 2451 praescribatque
570 2400 690 2439 recta
729 2401 773 2439 et
802 2398 929 2439 utilia
958 2402 1002 2439 et
1033 2399 1268 2440 coniuncta
1307 2412 1406 2440 cum
1442 2399 1632 2453 legibus.
1685 2400 1747 2441 Ut
1778 2401 1896 2441 enim
1926 2400 2258 2454 magistratibus

180 2468 316 2524 leges,
346 2469 409 2510 ita
437 2469 599 2523 populo
628 2474 839 2523 praesunt
874 2472 1169 2525 magistratus,
1211 2485 1404 2526 vereque
1446 2472 1534 2514 dici
1573 2476 1730 2529 potest,
1769 2473 2075 2528 magistratum
2113 2473 2258 2528 legem

182 2555 279 2584 esse
309 2542 583 2596 loquentem3
615 2542 761 2596 legem
791 2547 936 2584 autem
969 2548 1138 2585 mutum
1168 2545 1515 2598 magistratum„

357 2613 394 2670 ²)
424 2615 484 2659 II.
516 2615 631 2655 Tim.
662 2610 720 2655 H.
754 2613 796 2659 7.
830 2615 912 2656 col.
944 2615 982 2659 I.
1015 2616 1132 2660 Tim.
1163 2616 1200 2660 I.
1237 2614 1303 2659 11.
1359 2612 1441 2659 Εἰς
1485 2608 1509 2656 ὃ
1553 2615 1714 2671 ἐτέθην
1747 2612 1827 2668 ἐγώ
1861 2613 2000 2674 κηρῦξ
2031 2616 2108 2659 καὶ
2141 2613 2257 2659 οἶπό-

186 2687 344 2730 στολος·
375 2681 623 2741 (ἀλήθειαν
667 2687 773 2738 λέγω
817 2686 860 2728 ἐν
904 2688 1107 2744 Χριστῷ,
1151 2683 1206 2728 οὐ
1248 2685 1504 2742 ψεύδομαι)
1546 2686 1827 2733 διδάσκαλος·
1859 2689 2000 2732 ἐθνῶν
2033 2690 2077 2732 ἐν
2107 2690 2259 2732 πίστει

183 2758 259 2799 καὶ
289 2753 515 2813 ἀληθείᾳε
544 2760 624 2813 ,,Ι11
657 2772 742 2813 quo
773 2760 942 2813 positus
973 2773 1070 2801 sum
1100 2774 1182 2815 ego
1213 2761 1492 2815 praedicator
1523 2765 1567 2802 et
1595 2761 1833 2816 Apostolus
1866 2762 2114 2819 (veritatem
2145 2764 2258 2819 dico,

183 2842 273 2873 non
300 2831 504 2886 mentior)
536 2831 689 2872 doctor
719 2832 917 2886 gentium
946 2833 992 2873 in
1022 2831 1108 2874 fide
1139 2837 1184 2874 et
1212 2834 1437 2886 veritate.„

359 2901 394 2958 ⁸)
424 2903 462 2947 1.
493 2903 605 2945 Tim.
636 2904 718 2947 ΠΙ.
753 2902 792 2946 1.
824 2904 1026 2957 „Bonum
1059 2918 1197 2960 opus„
1230 2909 1296 2948 est
1326 2907 1620 2960 episcopatus,
1655 2905 1700 2948 εἴ
1722 2918 1794 2952 τις
1825 2907 2072 2964 ἐπισκοπῆς·
2103 2904 2259 2967 ὀρέγε-

185 2984 282 3027 ται,
315 2972 457 3016 καλοῦ
488 2974 621 3030 ἔργου
653 2974 882 3024 ἐπιθυμεῖ.

362 3045 396 3100 4)
426 3048 462 3089 Ι.
493 3048 607 3092 Tim.
638 3049 696 3089 11.
729 3047 769 3090 1.
810 3048 1070 3105 Παρακαλῶ
1117 3038 1197 3092 οὖν
1227 3051 1412 3108 πρῶτον
1441 3049 1623 3094 πάντων
1653 3055 1895 3095 ποιεῖσθαι
1927 3051 2115 3109 δεήσεις,
2145 3068 2260 3113 προ·

190 3113 368 3169 σευχοὶς,
401 3115 631 3172 ἐντεύξεις,
662 3115 959 3176 εὐχαριστίας
988 3117 1106 3179 ὑπὲρ
1138 3120 1320 3164 πάντων
1353 3119 1634 3180 ἀνθρώπωνε
1655 3125 1883 3178 „Obsecro
1903 3127 2050 3181 igitur,
2072 3129 2262 3182 primum

189 3189 384 3230 omnium
428 3189 524 3231 fieri
568 3191 912 3248 obsecrationes,
960 3195 1203 3249 orationes,
1248 3196 1589 3251 postulationes,
1636 3200 1880 3253 gratiarum
1926 3200 2136 3254 actiones,
2182 3214 2260 3255 pro

191 3261 393 3303 omnibus
423 3261 717 3319 hominibus.,‚

365 3331 399 3387 ⁵)
429 3334 464 3376 Ι.
495 3335 609 3382 Tim.
638 3337 698 3379 Π.
729 3336 770 3382 2.
803 3339 902 3384 coll.
919 3340 1006 3385 Tit.
1037 3341 1120 3385 111.
1154 3339 1195 3385 1.
1215 3342 1361 3396 Reges
1381 3346 1424 3384 et
1439 3343 1674 3398 principes,
1694 3344 2172 3388 subditietinferiores:
2195 3346 2262 3389 illi

191 3404 279 3446 sint
307 3404 370 3459 pii
399 3408 443 3447 et
472 3408 592 3460 casti,
621 3408 668 3450 hi
698 3422 802 3451 vero
833 3410 1086 3453 obedientes
1118 3417 1161 3453 et
1191 3413 1395 3459 subiecti.

367 3474 400 3530 ⁶)
431 3478 469 3524 Ι.
501 3479 614 3524 Tim.
647 3481 705 3522 11.
736 3479 779 3525 8.
812 3494 907 3536 800.
937 3483 1067 3525 Viros
1097 3483 1295 3526 hortatur
1324 3488 1369 3526 et
1404 3485 1623 3528 mulieres.

369 3548 403 3604 ⁷)
434 3550 470 3594 I.
502 3551 616 3594 Tim.
647 3552 700 3595 V.
735 3550 761 3593 1
791 3566 858 3608 sq.
890 3554 977 3599 Tit.
1007 3555 1066 3597 ΙΙ.
1099 3553 1144 3603 2.
1176 3569 1274 3610 800.
1308 3555 1444 3598 Senes
1476 3560 1520 3598 et
1547 3558 1743 3613 iuvenes,
1774 3573 1884 3602 anus
1925 3565 1968 3603 et
2005 3563 2262 3607 iuvenculas

193 3623 456 3663 commoneri
485 3622 621 3667 iubet.

367 3692 400 3748 ⁸)
431 3693 466 3734 I.
496 3694 607 3736 Tim.
638 3695 713 3738 VI.
747 3693 787 3739 7.
817 3695 858 3739 9.
891 3694 960 3742 17.
992 3697 1053 3742 ΙΙ.
1085 3697 1199 3739 Tim.
1230 3698 1266 3742 I.
1298 3696 1368 3745 15.
1399 3698 1674 3754 Pauperibus
1695 3715 1785 3743 non
1806 3704 1950 3745 minus
1975 3718 2030 3747 ac
2050 3706 2258 3751 divitibus

192 3777 340 3807 euram
367 3765 659 3807 adhibendam
688 3768 917 3822 praecipit.

368 3834 400 3892 ⁹)
432 3837 471 3880 I.
503 3837 616 3881 Tim.
649 3837 723 3881 VI.
758 3837 799 3883 1.
816 3852 910 3894 sqq.
935 3839 1032 3881 coll.
1050 3839 1138 3884 Tit.
1158 3841 1218 3885 H.
1236 3840 1278 3885 9.
1296 3854 1390 3896 sqq.
1413 3840 1560 3884 Servis
1577 3857 1717 3898 aeque
1738 3859 1791 3887 ac
1812 3846 1997 3890 dominis
2017 3852 2264 3896 consultum

190 3907 296 3951 vult.
328 3908 446 3951 Hine
476 3910 770 3966 Hieronymus
800 3912 847 3954 in
878 3926 950 3967 ep.
980 3913 1036 3954 ad
1067 3914 1216 3955 Titum
1244 3914 1303 3959 H.
1336 3913 1379 3959 9.
1403 3927 1468 3969 sq.
1502 3915 1748 3969 „Quoniam
1765 3919 1979 3962 Dominus
2001 3927 2044 3964 et
2061 3923 2263 3968 Salvator

191 3985 350 4040 noster,
382 3984 457 4041 qui
485 3985 533 4027 in
563 3986 792 4042 evangelio
823 3987 908 4031 ait:
938 3987 1097 4032 Venite
1127 3988 1184 4031 ad
1213 4001 1282 4031 me
1315 4001 1465 4032 omnes
1498 3990 1573 4045 qui
1602 3990 1809 4036 laboratis
1852 3998 1896 4036 et
1926 3999 2096 4042 onerati
2143 4001 2261 4058 estis,

1858 4080 1917 4127 δῦ

2314 2333 2558 2376 Maqistratuc.

2322 3937 2562 3981 Hieronymus.
