2626 4432
120 311 332 364 modum
375 310 509 362 haec
560 307 796 377 priorum
837 304 1136 358 officiorum
1185 303 1546 372 impletionem
1583 299 1936 370 praescribit,
1993 298 2067 349 ita
2116 297 2208 348 illa

120 403 414 473 impletioni
469 400 828 470 posteriorum
871 398 961 452 ubi
1009 398 1181 467 possit
1229 397 1488 451 consulat.
1565 396 1720 461 Quod
1752 397 1797 448 si
1836 395 1959 463 fiat,
2005 412 2112 463 pax
2155 400 2210 447 et

122 497 478 565 tranquillitas
518 493 866 549 efflorescens
905 498 960 545 et
992 492 1274 546 ecclesiam
1306 491 1523 561 juvabit
1553 498 1605 544 et
1639 490 1952 543 societatem
1983 489 2209 542 civilem.

119 591 201 644 Ne
230 604 361 642 vero
402 588 470 641 de
510 587 794 641 avellenda
833 603 938 639 una
979 588 1046 639 ab
1085 586 1257 639 altera
1297 585 1681 639 catholicorum
1709 584 1936 654 cuipiam
1966 584 2209 652 cogitare

121 685 205 737 fas
245 684 340 750 sit,
377 683 515 735 haec
552 681 838 750 prohibent
877 679 1127 747 Gregorii
1168 679 1315 733 XVI.
1353 677 1373 711 ²
1412 679 1786 733 efficacissima
1826 679 2023 731 verba:
2067 678 2207 746 „Ne-
2229 684 2461 771 θ’·ξείςινὶαδ

122 794 225 845 que
265 775 488 829 laetiora
529 780 585 826 et
621 773 868 840 religioni
897 779 952 825 et
981 773 1306 842 principatui
1344 773 1569 826 ominari
1607 787 1888 841 possemus
1928 789 1997 824 ex
2026 787 2208 825 eorum
2382 761 2391 772 ’

119 871 284 933 votiS,
346 869 436 937 qui
485 867 770 920 ecclesiam
821 883 852 918 a
893 881 1064 933 regno
1113 867 1383 936 separari,
1446 872 1790 933 mutuamque
1828 866 2038 934 imperii
2092 881 2209 919 cum

121 962 428 1017 sacerdotio
469 959 810 1014 concordiam
847 960 1091 1027 abrumpi
1129 959 1451 1028 discupiunt.
1527 957 1756 1012 Constat
1782 961 2001 1028 quippe,
2041 959 2209 1028 perti-

119 1055 282 1109 mesci
320 1056 389 1108 ab
427 1041 919 1122 impudentissimae
957 1052 1223 1105 libertatis
1279 1053 1607 1105 amatoribus
1656 1052 2002 1106 concordiam
2050 1053 2211 1118 illam,

118 1165 256 1217 quae
296 1164 511 1217 semper
545 1147 625 1199 rei
663 1153 717 1199 et
754 1161 946 1199 sacrae
984 1152 1039 1199 et
1077 1147 1221 1199 civili
1259 1147 1438 1199 fausta
1474 1146 1681 1199 exstitit
1718 1161 1784 1199 ac
1816 1146 2207 1214 salutariS....„

263 1306 347 1373 487
374 1305 443 1358 Et
471 1305 533 1359 V.
552 1304 766 1358 tandem
789 1305 1105 1373 colligimuS,
1133 1305 1346 1373 quinam
1374 1304 1514 1358 inter
1540 1304 2006 1374 supernaturalem
2034 1305 2208 1357 socie·
2227 1308 2458 1396 sociata-53
2504 1370 2574 1395 ro-

32 1383 42 1392 ·
118 1407 280 1456 tatem
320 1415 545 1467 eamque
594 1413 869 1452 romanam
909 1405 963 1452 et
1009 1399 1149 1452 inter
1187 1398 1486 1452 naturalem
1525 1414 1752 1467 eamque
1792 1397 2003 1452 civilem
2043 1398 2370 1472 inter-manae
2391 1414 2576 1473 crya-02·-

118 1495 316 1551 cedere
355 1493 557 1547 ordinis
594 1493 807 1559 habitus
846 1509 1021 1562 neque
1059 1494 1233 1563 possit
1280 1509 1455 1562 neque
1494 1493 1722 1561 debeat,
1775 1492 1971 1560 quique
2022 1499 2210 1546 contra
2250 1464 2368 1500 mem
2395 1462 2546 1510 ’ἥρω’

117 1606 219 1660 pro
257 1589 461 1643 viri-bus
499 1590 568 1659 ob
615 1589 802 1644 oculos
841 1603 1059 1657 semper
1097 1587 1379 1641 habendus
1432 1587 1832 1657 perfectiusque
1865 1585 2076 1656 jugiter
2114 1603 2211 1638 ex-

122 1683 433 1753 primendus
472 1682 557 1735 sit.
616 1660 899 1736 ‘Videlicet
946 1681 1189 1751 praefert
1237 1682 1329 1735 illa
1366 1682 1745 1736 necessitatem
1797 1696 1864 1734 ac
1910 1681 2118 1749 legem,
2180 1698 2214 1733 a

99 1784 227 1849 'qua
266 1775 559 1830 deflectere
603 1791 712 1829 non
758 1776 912 1845 licet,
967 1793 1141 1845 neque
1181 1792 1428 1845 umquam
1475 1776 1657 1829 divina
1701 1777 1822 1844 ipsa
1870 1774 2213 1844 providentia

117 1871 367 1941 patietur.
443 1869 692 1923 Praefert
729 1885 863 1923 vero
901 1870 1073 1939 ipsam
1098 1870 1298 1924 Christi
1323 1886 1565 1924 normam
1591 1886 1657 1924 ao
1681 1870 1932 1938 formam,
1967 1870 2212 1938 regulam

117 1971 278 2033 atque
315 1959 690 2040 παράδειγμα,
738 1964 808 2018 ad
850 1965 995 2033 quod
1033 1971 1206 2019 semet
1252 1965 1567 2019 necessario
1614 1980 1680 2020 ac
1723 1964 1936 2036 jugiter
1990 1965 2212 2032 exigere

78 2056 93 2062 ’
119 2059 304 2113 nititur
339 2065 502 2128 atque
540 2058 830 2113 contendit.
906 2058 1061 2123 Quod
1101 2075 1222 2113 cum
1259 2059 1389 2113 facit
1420 2064 1572 2113 arcta
1611 2059 1827 2127 quaerit
1878 2075 1997 2112 cum
2037 2058 2212 2111 socie-

118 2139 229 2206 tate
267 2153 500 2206 humana
537 2153 776 2220 vincula,
817 2169 992 2221 neque
1031 2159 1090 2206 ut
1126 2153 1248 2223 ejus
1287 2153 1579 2207 commodis
1618 2155 1779 2217 obsit,
1833 2153 1930 2206 sed
1968 2159 2027 2206 ut
2063 2152 2212 2222 ejus-

121 2246 238 2299 dem
281 2247 528 2300 consulat
564 2246 920 2300 fundamentis
960 2249 1151 2316 quibus
1190 2248 1372 2300 innixa
1411 2248 1674 2301 tutissima
1711 2248 1998 2301 consistat:
2038 2263 2212 2315 neque

121 2346 179 2393 ut
215 2343 452 2394 membra
478 2340 720 2410 ejusdem
750 2341 973 2394 divellat
1009 2358 1076 2395 ac
1113 2341 1394 2409 distrahat,
1436 2342 1532 2394 sed
1559 2350 1615 2394 ut
1648 2342 1793 2394 illam
1821 2357 1939 2395 cum
1967 2342 2212 2394 omnibus

121 2450 260 2501 quae
287 2436 427 2486 bona
449 2434 622 2487 eidem
645 2440 699 2488 et
716 2435 845 2504 jura
869 2435 1132 2489 debentur
1156 2453 1221 2489 ac
1246 2437 1449 2504 insunt,
1489 2442 1690 2488 sartam
1719 2442 1914 2488 tectam
1940 2441 2211 2487 servatam

121 2527 393 2581 devinciat
423 2544 539 2581 cum
565 2528 678 2582 Deo
702 2529 1044 2582 humanitatis
1069 2536 1312 2597 auctore,
1347 2530 1623 2583 salvatore
1657 2526 1680 2560 ²
1719 2536 1772 2582 et
1797 2527 2211 2582 sanctificatore.

121 2815 223 2846 cum
255 2803 556 2848 heterodoxis
598 2804 763 2848 haberi
794 2817 943 2861 neque
983 2806 1181 2861 possunt
1214 2817 1373 2862 nequer
1406 2804 1586 2849 debent.
1650 2806 1865 2851 Ceterum
1905 2804 2062 2849 divina
2104 2818 2214 2862 pro-

119 2875 326 2921 videntia
356 2877 495 2934 plura
525 2877 753 2935 permittit
785 2890 904 2935 quae
944 2891 1036 2922 non
1080 2878 1275 2935 probat,
1316 2879 1400 2922 sed
1438 2878 1694 2936 improbat:
1743 2879 1850 2923 hinc
1896 2892 1953 2922 ex
1992 2892 2050 2923 eo
2091 2879 2214 2936 quod

121 2948 299 3006 aliquid
331 2951 520 2995 multum
545 2964 601 2995 ac
633 2951 711 2996 diu
741 2952 801 2996 ab
832 2951 1094 2996 hominibus
1126 2948 1180 2995 fit
1219 2948 1485 3009 factumque
1518 2957 1615 3008 est,
1657 2952 1768 2996 licet
1799 2952 1980 3010 quidem
2022 2950 2213 3007 inferre,

56 3040 58 3042 ’
126 3022 266 3067 Deum
309 3037 394 3068 sua
434 3024 550 3069 illud
580 3025 878 3082 providentia
919 3023 1210 3082 permisisse,
1254 3025 1336 3068 sed
1378 3039 1471 3070 non
1512 3025 1624 3070 licet
1662 3023 1839 3069 inferre
1870 3025 2022 3082 illico,
2070 3026 2211 3068 Deum

123 3095 419 3153 provisorem
452 3097 568 3141 illud
607 3099 828 3143 voluisse.
889 3099 973 3143 Dei
1014 3098 1282 3156 provisoris
1314 3102 1406 3155 est,
1454 3113 1513 3143 ex
1550 3099 1687 3144 malis
1728 3113 1911 3157 quoque
1952 3100 2051 3144 sive
2091 3112 2213 3143 com-

121 3168 356 3214 missionis
387 3170 488 3214 sive
522 3171 785 3216 omissionis
817 3173 1043 3216 humanae
1075 3185 1239 3215 eruere
1273 3171 1422 3229 bona3
1467 3162 1665 3230 ideoque
1697 3173 1906 3218 ordinem
1945 3172 2214 3230 permissio-

122 3240 193 3285 nis
226 3242 493 3301 hujusmodi
533 3245 662 3302 sequi
700 3245 824 3290 solet
856 3259 912 3290 ex
941 3248 1077 3303 parte
1108 3245 1193 3289 Dei
1233 3245 1351 3291 ordo
1390 3246 1673 3303 punitionis,
1714 3246 2100 3305 quemadmodum
2138 3259 2214 3290 or-

123 3313 272 3357 dinem
302 3315 412 3359 mali
441 3316 519 3360 vel
566 3317 817 3374 omissione
863 3318 942 3362 vel
989 3318 1269 3363 comissione
1308 3320 1488 3376 patrati
1535 3333 1592 3364 ex
1637 3324 1775 3377 parte
1822 3320 2056 3365 hominum
2094 3319 2211 3364 ordo

122 3387 438 3443 poenitentiae
469 3391 601 3447 sequi
632 3390 834 3436 deberet.
897 3391 1014 3446 Quid
1045 3404 1193 3449 porro
1229 3390 1508 3449 contigisset
1532 3391 1607 3434 vel
1630 3393 1948 3451 contingeret,
1979 3392 2021 3435 si
2051 3394 2103 3435 ut
2125 3403 2211 3447 par

124 3461 197 3502 est
226 3472 311 3503 sua
342 3474 502 3506 omnes
535 3463 778 3520 explerent
807 3477 1023 3520 munera,
1061 3464 1153 3509 soli
1184 3468 1372 3509 constat
1401 3464 1644 3521 provisori
1675 3465 1926 3520 altissimo,
1973 3465 2050 3522 qui
2081 3477 2209 3508 scru-

122 3535 250 3576 tatur
282 3532 422 3577 etiam
453 3531 610 3579 futura
641 3548 670 3579 a
701 3536 969 3582 conditione
999 3537 1271 3594 pendentia3
1318 3538 1440 3582 sicut
1484 3539 1589 3596 eJ'us
1632 3538 1779 3582 solius
1812 3542 1908 3594 est,
1955 3552 2092 3595 quum
2130 3539 2210 3581 hu-

121 3617 259 3649 mana
290 3619 368 3650 res
400 3607 705 3652 secundarum
736 3621 884 3665 opera
915 3622 1158 3653 causarum
1189 3609 1376 3666 perdita
1407 3613 1501 3667 est,
1549 3610 1758 3655 eamdem
1798 3624 1886 3667 pro
1926 3624 2012 3654 sua
2044 3613 2209 3667 poten-

122 3679 189 3722 tia
219 3678 298 3729 vel
328 3679 374 3722 in
405 3679 638 3738 integrum
668 3681 918 3725 restituere
947 3681 1025 3724 vel
1057 3682 1201 3726 multo
1233 3683 1373 3726 etiam
1398 3683 1661 3727 instaurare
1693 3683 1994 3740 splendidius,
2026 3683 2127 3726 sive
2159 3688 2210 3728 ut

122 3751 430 3808 praestitutos
466 3753 554 3797 sibi
587 3757 899 3810 consequatur
929 3752 1046 3798 fines
1078 3755 1180 3799 sive
1210 3759 1261 3799 ut
1275 3756 1371 3799 suis
1388 3756 1775 3813 promissionibus
1792 3753 1944 3800 fidelis
1969 3756 2205 3813 persistat.

245 3826 259 3853 1
290 3824 524 3883 Encyclic.
558 3826 598 3869 d.
634 3827 701 3871 18.
716 3826 845 3883 Sept.
866 3827 980 3871 1832
996 3841 1112 3880 con.
1140 3826 1521 3873 indifferentistas
1544 3843 1662 3886 quos
1686 3833 1859 3874 vocant
1880 3832 1927 3873 et
1947 3829 2203 3873 Lamenais.

244 3897 260 3924 ²
291 3895 514 3943 Profecto
556 3900 610 3954 1)
644 3899 856 3944 Christus
887 3900 1103 3945 salvator
1133 3905 1181 3945 et
1221 3899 1540 3947 sanctificator
1581 3899 1671 3946 fuit
1702 3906 1750 3947 et
1788 3906 1861 3947 est
1900 3902 2098 3946 hominis
2130 3906 2201 3947 to·
2222 3918 2451 3954 Soc-ieratis
2470 3927 2571 3964 pro-

122 3968 236 4014 tius:
279 3967 369 4016 fuit
399 3984 516 4030 ergo
550 3972 762 4019 salvator
793 3978 841 4019 et
882 3970 1201 4020 sanctificator
1232 3988 1415 4032 quoque
1461 3976 1564 4034 ejus
1608 3979 1835 4033 quatenus
1875 3976 2067 4020 socialis
2110 3980 2204 4021 est:
2323 3972 2473 4006 vectio.
