2716 4446
1065 103 1415 165 -105—

200 250 340 306 bene
395 248 621 303 haberet
647 249 721 322 ¹):
778 258 833 304 et
887 250 958 304 ad
994 251 1139 304 vitae
1190 250 1586 303 institutionem
1635 248 1755 303 Deo
1809 256 1863 303 et
1902 246 2122 302 Christo
2163 247 2280 301 eius

200 344 562 415 acceptiorem
617 342 951 397 reddendam
987 343 1178 399 fideles
1219 362 1318 397 sua
1353 342 1498 397 bona
1535 343 1605 396 ad
1660 343 1829 414 pedes
1892 341 2281 414 Apostolorum

200 438 278 492 sic
315 435 691 507 deponebant,
731 445 792 491 ut
830 455 1112 509 supremae
1169 437 1318 491 Petri
1374 436 1735 492 iurisdictioni
1758 438 1802 509 ²)
1859 438 2118 492 universa
2156 435 2280 490 sub-

198 531 509 585 iicerentur.

375 662 495 716 100.
534 661 728 732 Itaque
755 661 948 715 Petrus
975 670 1106 731 erat,
1147 663 1294 715 circa
1320 680 1482 734 quem
1508 663 1787 733 primitiva
1813 661 2048 716 ecclesia
2069 662 2115 735 ³)
2154 679 2279 714 con-

194 757 535 812 iunctissima
572 756 888 808 exsisteret:
946 757 1064 826 ipse
1122 757 1265 809 inter
1321 755 1578 810 collectos
1633 757 1690 809 in
1727 775 1896 810 unum
1935 755 2185 810 doctores
2226 762 2280 809 et

189 858 434 924 pastores
473 848 801 921 apostolicos
830 867 1114 919 supremus
1155 849 1345 904 doctor
1370 849 1601 904 verbum
1627 850 1928 918 divinum4)
1972 849 2278 909 αὕθεντικῶς

190 949 589 1016 interpretatur,
653 950 816 1014 atque
867 942 1155 1014 pastoralis
1207 943 1373 997 officii
1409 962 1607 997 munus
1648 962 1887 997 summus
1921 945 2055 998 item
2092 954 2279 1016 pastor

188 1039 490 1098 αὕθεντικῶς
514 1038 559 1111 ⁵)
599 1037 867 1092 declarat:
894 1039 1013 1108 ipse
1039 1036 1329 1091 collectum
1354 1039 1673 1091 universum
1699 1037 2036 1092 credentium
2062 1046 2277 1092 coetum

189 1132 514 1189 universalis
542 1132 730 1186 doctor
751 1133 798 1205 6)
840 1150 1048 1185 summo
1075 1132 1193 1185 iure
1219 1132 1481 1186 instituit:
1520 1132 1640 1202 ipse
1667 1150 1890 1203 gregem
1917 1132 2276 1205 dispersum⁷)

188 1235 374 1302 pastor
428 1226 753 1281 universalis
793 1227 1037 1281 invisens
1074 1225 1469 1281 benefaciendo
1507 1227 1849 1297 pertransiit:
1886 1227 2005 1298 ipse
2044 1227 2278 1280 eundem

187 1323 444 1377 diffusum
481 1341 581 1394 per
614 1320 761 1375 orbis
785 1322 1097 1393 provincias
1122 1339 1330 1393 perque
1368 1320 1597 1375 totidem
1629 1319 1987 1392 particulares
2013 1320 2278 1375 ecclesi-as

186 1416 457 1487 digestum
497 1434 783 1487 supremus
810 1434 875 1469 ac
900 1415 1228 1470 universalis
1266 1417 1527 1486 magister
1560 1414 1875 1487 apostolicis
1900 1414 1945 1489 ε3)
1985 1414 2181 1469 litteris
2220 1416 2277 1469 in

185 1512 393 1565 unitate
411 1509 456 1584 ⁹)
496 1509 625 1564 fidei
663 1511 941 1565 continere
979 1511 1293 1583 unioneque
1331 1511 1484 1582 pacis
1524 1529 1589 1564 ac
1646 1511 1890 1565 caritatis
1930 1528 2273 1580 conservare,

271 1888 441 1930 Excute
470 1887 599 1930 Petre
630 1887 820 1943 gradus:
847 1891 996 1930 tecum
1025 1888 1243 1931 medicina
1274 1889 1428 1932 salutis

472 1967 700 2009 Ambulat:
732 1967 844 2009 adde
874 1968 1015 2009 viam:
1046 1981 1124 2023 pes
1154 1969 1192 2010 is
1223 1974 1290 2011 est
1320 1968 1376 2010 ad
1407 1968 1570 2024 gaudia
1599 1970 1743 2022 velox,

472 2047 527 2088 In
554 2046 741 2102 pedibus
770 2060 860 2089 non
891 2060 989 2089 esse
1017 2058 1209 2092 moram:
1251 2052 1330 2090 tua
1360 2049 1516 2091 semita
1545 2050 1638 2091 vita
1669 2053 1748 2101 est,

473 2126 521 2168 Si
549 2139 771 2182 properas,
803 2128 891 2170 iam
921 2140 1049 2170 nemo
1078 2129 1216 2172 iacet:
1248 2132 1298 2170 tu
1325 2129 1516 2172 motibus
1547 2130 1730 2171 umbrae

473 2206 668 2262 Corpora
700 2212 859 2250 cuncta
887 2208 1037 2260 levas3
1070 2212 1202 2263 atque
1232 2209 1317 2251 hoc
1347 2209 1479 2251 simul
1508 2210 1652 2252 inscia
1680 2211 1773 2252 voti

470 2287 615 2329 Sumit
643 2288 773 2330 turba
802 2292 968 2342 tacens,
1001 2288 1118 2343 quod
1149 2302 1249 2330 cum
1278 2293 1406 2344 rogat
1435 2290 1599 2345 accipit
1628 2303 1771 2342 unus3

469 2367 677 2419 Quaerite
709 2382 818 2423 quos
849 2371 988 2424 agitat
1017 2371 1128 2411 tanti
1158 2371 1404 2412 reverentia
1434 2371 1553 2422 facti,

469 2447 585 2498 Quid
614 2448 812 2502 typicum
842 2461 911 2491 res
942 2450 1027 2491 ista
1055 2449 1192 2493 ferat:
1223 2450 1435 2505 librisque
1465 2450 1628 2493 volutis

464 2527 659 2582 Noscite,
692 2527 810 2583 quod
838 2525 921 2570 soli
952 2542 1162 2572 concessa
1192 2534 1259 2572 est
1287 2530 1430 2586 gloria
1459 2531 1635 2585 Petro.„

181 2606 269 2650 Sed
298 2607 387 2650 alia
413 2607 533 2650 haud
563 2608 707 2650 minus
738 2609 898 2651 eximia
928 2622 991 2654 cs.
1023 2623 1093 2665 ap.
1124 2611 1268 2666 ipsum
1296 2611 1541 2654 Baronium
1570 2611 1749 2656 ibidem.

351 2693 385 2750 ¹)
416 2694 486 2736 Ita
514 2695 679 2749 pariter
709 2695 862 2737 similis
894 2709 973 2738 suo
1004 2698 1219 2752 magistro*
1246 2698 1496 2740 exsistebat.

353 2772 388 2829 ⁹)
422 2772 490 2822 cf.
520 2773 618 2818 Act.
649 2775 704 2818 V.

352 2852 387 2910 ³)
418 2854 515 2897 Act.
547 2855 607 2899 11.
638 2853 711 2900 44.
741 2855 820 2901 IV.
851 2854 924 2899 32.

352 2931 389 2987 ⁴)
421 2933 517 2977 Act.
549 2935 584 2977 1.
617 2933 687 2980 15.
721 2949 819 2991 sqq.

352 3011 389 3070 ⁵)
416 3014 514 3059 Act.
546 3015 603 3059 X.
634 3014 706 3059 47.
737 3017 816 3059 XI.
851 3015 919 3060 17.
951 3017 1047 3063 XV.
1081 3016 1121 3063 7.

354 3093 388 3149 ⁶)
420 3094 516 3139 Act.
547 3095 605 3140 ΙΙ.
636 3095 720 3140 ΠΙ.

354 3172 386 3227 ⁷)
418 3172 518 3220 Aet.
549 3173 628 3215 IX.
658 3173 730 3220 32.
762 3189 856 3231 sqq.

350 3248 383 3306 ⁸)
414 3251 452 3296 Ι.
483 3252 602 3294 Petri
631 3253 831 3308 Apostoli
861 3256 972 3298 Jesu
1004 3256 1168 3300 Christi
1207 3259 1392 3314 epistola
1433 3260 1536 3302 data
1565 3265 1632 3303 est
1663 3262 1828 3315 electis,
1861 3263 2028 3306 scilicet
2058 3278 2147 3306 non
2175 3279 2254 3307 vo-

174 3324 282 3365 catis
311 3326 480 3366 tantum
515 3325 572 3368 ad
612 3326 743 3368 fidem
782 3328 859 3370 sed
897 3329 982 3371 fide
1012 3331 1191 3384 inbutis,
1236 3333 1312 3386 qui
1356 3335 1692 3388 peregrinantur
1723 3334 1911 3389 dispersi
1940 3349 2020 3390 per
2050 3337 2255 3379 diversis-

172 3397 305 3438 simas
345 3400 487 3439 terrae
531 3399 798 3452 provincias,
841 3399 1058 3446 ἐκλεκτοῖς
1094 3402 1440 3459 παρεπιδήμοις
1481 3405 1745 3463 διασπορᾶς·
1774 3404 1978 3460 Πόντου,
2009 3409 2254 3463 Γαλατίας,

170 3466 534 3519 Καππαδοκίας,
565 3463 718 3514 Ἀσίας·
748 3471 824 3511 καὶ
855 3471 1107 3517 Βιθυνίαςε
1135 3475 1192 3519 ΙΙ.
1223 3489 1329 3517 vero
1350 3477 1579 3531 epistolam
1599 3479 1822 3533 inscripsit
1842 3481 2095 3535 simpliciter
2118 3484 2254 3524 omni-

171 3540 268 3593 bus,
300 3543 375 3595 qui
404 3541 532 3584 fidem
573 3541 809 3585 salutarem
854 3547 1045 3600 amplexi
1076 3552 1224 3589 erant:
1265 3547 1417 3598 Σίμων
1462 3551 1655 3608 Πέτρος,
1689 3552 1857 3596 δοῦλος
1887 3553 1963 3594 καὶ
1995 3550 2256 3599 ἀπόστολος

166 3607 312 3668 Ἰησοῦ
348 3614 569 3670 Χριστοῦ,
614 3618 714 3659 τοῖς·
761 3613 970 3666 ἰσότιμον
1015 3614 1119 3672 ἡμῖν
1158 3621 1355 3670 λαχοῦσι
1401 3621 1556 3664 πίστιν
1603 3623 1646 3664 ἐν
1690 3623 1961 3684 δικαιοσύνῃ
2005 3626 2094 3669 τοῦ
2138 3629 2255 3671 θεοῦ

173 3681 290 3740 ἡμῶν
321 3687 397 3728 καὶ
437 3687 639 3743 σωτῆρος·
674 3685 822 3743 Ἰησοῦ
860 3691 1073 3747 Χριστοῦ
1085 3708 1097 3732 .·
1140 3692 1325 3746 „Simon
1370 3694 1541 3748 Petrus,
1588 3710 1740 3739 servus
1791 3703 1835 3740 et
1877 3699 2113 3754 Apostolus
2143 3703 2253 3744 Jesu

172 3757 333 3800 Christi
362 3760 428 3812 iis,
462 3761 536 3814 qui
568 3763 853 3816 coaequalem
885 3765 1114 3806 nobiscum
1154 3767 1295 3808 sortiti
1325 3772 1427 3809 sunt
1466 3768 1597 3811 fidem
1641 3771 1687 3812 in
1728 3772 1896 3814 iustitia
1925 3773 2012 3815 Dei
2039 3775 2179 3817 nostri
2210 3779 2253 3817 et

170 3829 411 3874 Salvator-is
440 3833 552 3875 Jesu
586 3833 790 3887 Christi.‚‚

347 3908 380 3967 ⁹)
410 3912 448 3957 Ι.
481 3925 550 3967 ep.
579 3914 615 3955 Ι.
647 3911 719 3959 22.
750 3913 808 3958 Π.
839 3914 884 3959 4.
914 3928 1010 3971 sqq.
1043 3915 1114 3963 13.
1147 3930 1245 3976 sqq.
1279 3918 1356 3966 IV.
1387 3919 1428 3966 8.
1460 3934 1555 3978 sqq.
1585 3922 1644 3968 H.
1676 3936 1746 3978 ep.
1777 3923 1814 3965 Ι.
1847 3922 1886 3966 7.

1896 4009 1952 4057 14

2319 650 2431 687 Actus
2445 651 2542 684 Petri
2557 661 2620 685 au-

2391 695 2543 728 chantici.

2389 1894 2531 1930 Arator.

2315 3264 2348 3298 Ι.
2371 3265 2467 3297 Petri
2487 3275 2546 3307 ep.

2326 3698 2383 3734 ΙΙ.
2399 3699 2473 3734 Pet.
2491 3708 2542 3741 sp.
