2626 4432
1314 175 1728 236 -76—'

465 345 608 397 Petri
656 339 907 408 Apostoli
959 338 1303 406 episcopatus
1349 331 1572 400 sumpsit
1628 330 1865 394 initium,
1918 330 1993 399 ita
2049 345 2272 383 necesse
2319 338 2427 397 est,
2474 338 2532 384 ut

464 435 754 502 disciplinis
807 430 1229 498 competentibus
1267 426 1525 478 sanctitas
1573 429 1757 475 vestra
1804 423 2028 490 singulis
2081 424 2351 491 ecclesiiS,
2406 425 2532 499 quid

463 531 753 581 observare
794 524 1048 588 debeant,
1081 521 1363 573 evidenter
1399 515 1698 595 ostendat„

107 709 291 746 Traditio
327 704 444 748 Afri-
607 681 724 733 102.
753 679 881 731 Tum
900 676 1210 730 Ferrandus
1229 673 1247 706 ¹
1271 676 1528 728 diaconus
1555 676 2001 743 carthaginiensis
2022 677 2218 745 repetit
2240 676 2530 745 affirmanS,

180 768 418 845 Fefsssghdus
460 775 678 827 decreta
738 771 1178 825 chalcedonensis
1247 771 1457 823 concilii
1518 788 1587 823 ex
1652 785 1917 825 consensu
1979 770 2124 822 sedis
2180 770 2527 838 apostolicae,
2607 843 2611 846 .

189 862 402 896 aiat-onus.
460 883 595 934 quae
635 867 978 934 episcopatus
1015 865 1134 915 fons
1171 869 1252 915 est
1290 870 1450 930 atque
1499 865 1844 933 principium,
1904 864 2184 932 accepisse
2233 866 2400 917 robur
2442 864 2529 932 ⁴in-

458 959 682 1026 victum,
721 962 777 1009 ut
814 956 989 1009 nullus
1029 956 1376 1024 appellationi
1411 957 1637 1025 amplius
1676 958 1828 1010 locus
1867 954 2139 1010 exsistat*

599 1118 694 1170 Est
737 1132 868 1184 ergo
927 1131 1147 1168 romana
1195 1115 1355 1167 sedes
1411 1116 1483 1168 uti
1544 1116 1890 1184 episcopatus
1944 1116 2099 1182 origo
2153 1115 2529 1183 episcoporum

434 1207 944 1282 ἱοἷνοικεςροελοείωσιςε
984 1208 1052 1261 ad
1091 1224 1206 1260 eam
1242 1215 1567 1261 revocantur
1605 1223 1822 1276 omneS,
1881 1225 2171 1276 omnesque
2210 1209 2261 1260 in
2301 1226 2364 1261 ea
2406 1227 2525 1261 rur-

453 1320 563 1356 sum
604 1305 953 1370 colliguntur,
1003 1302 1140 1354 adeo
1189 1311 1243 1354 ut
1290 1318 1358 1353 ex
1409 1318 1474 1354 ea
1513 1319 1616 1354 una
1655 1303 2023 1359 universorum
2064 1303 2239 1354 unitas
2277 1309 2527 1356 nectatur

452 1404 561 1449 tota
601 1403 817 1463 totaque
855 1395 1104 1464 pendeat.

245 1579 283 1612 5,
597 1553 709 1607 103.
750 1551 861 1604 Sed
898 1552 1003 1604 hoc
1043 1552 1132 1605 IV.
1184 1554 1451 1608 declarari
1501 1555 1739 1624 apertius
1779 1570 1883 1607 non
1922 1542 2094 1623 potuit
2134 1540 2288 1621 quam
2329 1570 2396 1606 ea
2427 1542 2524 1622 ap-

119 1628 434 1715 ,ἷζζζζῗξὲζζοήζζ
450 1649 764 1717 pellatione,
816 1665 920 1715 qua
959 1653 1182 1714 utraque
1217 1648 1383 1715 plaga
1423 1649 1697 1701 orientalis
1736 1652 1906 1715 aeque
1945 1664 2009 1700 ac
2047 1647 2396 1700 occidentalis
2434 1661 2524 1698 ro-

221 1731 344 1766 muli·
452 1730 656 1791 manum
695 1740 1006 1807 episcopum
1033 1731 1433 1805 cohonestavit,
1473 1756 1630 1806 quum
1656 1740 1801 1792 illum
1830 1740 2043 1792 Patrem
2067 1739 2300 1806 Patrum,
2339 1746 2524 1809 pasto·
2613 1744 2616 1746 ’

115 1784 240 1818 Pater
252 1783 432 1818 Patr-um.

451 1851 559 1885 rem
599 1841 870 1901 pastorum
912 1839 1071 1901 atque
1109 1834 1484 1902 episcoporum
1524 1834 1835 1902 episcopum
1865 1831 1886 1864 ²
1921 1841 2306 1903 nuncuparent.

177 2021 406 2056 orientales
593 1992 672 2043 Ita
727 1990 1011 2042 orthodoxi
1065 1991 1307 2060 episcopi
1364 1993 1462 2043 sub
1510 1991 1710 2044 Menna
1767 1994 1818 2044 in
1858 1993 2122 2061 synodum
2154 1991 2176 2024 3
2230 1995 2405 2047 coacti
2459 1995 2522 2047 li-

189 2073 378 2117 ‘''¹²'·⁹⁶⁰''²‘·
451 2084 589 2136 bello
650 2083 876 2151 supplici
930 2083 996 2135 ad
1053 2081 1348 2152 Agapitum
1409 2084 1714 2153 pontificem
1768 2074 2191 2154 inscripserunt}
2266 2086 2523 2155 „Domino
2606 2152 2610 2153 7

450 2184 630 2228 nostro
665 2194 763 2245 per
802 2177 976 2228 omnia
1015 2177 1376 2242 sanctissimo,
1431 2184 1486 2229 et
1521 2179 1828 2231 beatissimo
1868 2178 2015 2231 Patri
2055 2179 2295 2245 Patrum,
2347 2179 2523 2232 archi-

448 2274 703 2341 episcopo
744 2288 1082 2351 romanorum
1121 2278 1175 2324 et
1211 2272 1555 2340 patriarchae
1593 2269 1883 2340 Agapit0.„

1962 2370 2017 2418 Ο

18 2427 39 2446 '
93 2457 284 2503 Episcopi
323 2457 429 2501 afri-
590 2434 657 2486 Et
694 2435 932 2486 similiter
971 2433 1193 2486 africani
1233 2431 1475 2500 episcopi
1513 2431 1566 2482 in
1607 2430 1835 2498 epistola
1881 2430 2035 2482 trium
2072 2430 2225 2482 simul
2267 2430 2521 2483 concilio·

204 2511 308 2547 Μή·
445 2544 558 2579 rum
593 2525 616 2558 ⁴
668 2528 808 2580 lecta
866 2529 918 2579 in
972 2526 1183 2595 synodo
1214 2523 1236 2555 5
1293 2525 1616 2577 lateranensi
1677 2526 1775 2577 sub
1827 2525 2063 2576 Martino
2114 2525 2183 2578 1.:
2262 2523 2521 2591 „Domino

446 2621 777 2687 beatissimo,
841 2621 1141 2689 apostolico
1191 2619 1418 2672 culmine
1479 2618 1790 2685 sublimat0‚
1850 2624 2040 2671 sancto
2104 2618 2252 2670 Patri
2303 2617 2519 2670 Patrum

447 2712 730 2764 Theodoro
780 2730 956 2781 papae
1012 2719 1066 2765 et
1115 2725 1316 2764 summo
1366 2711 1594 2763 omnium
1642 2711 1947 2779 praesulum
2001 2710 2292 2780 pontifici.„
2369 2709 2520 2764 Sicut

446 2822 578 2872 ergo
617 2807 870 2858 universa
905 2806 1102 2857 familia
1146 2820 1262 2858 cum
1311 2803 1432 2855 filiis
1480 2820 1513 2855 a
1550 2803 1962 2872 patrefamiliaS‚
2007 2805 2084 2858 ita
2132 2805 2385 2857 universa
2423 2819 2520 2857 eo-

446 2898 609 2949 olesia
649 2914 763 2950 cum
813 2899 921 2951 suis
960 2898 1230 2966 episcopis
1284 2898 1337 2949 in
1387 2897 1589 2948 unitate
1645 2898 1946 2950 continetur
2000 2913 2065 2950 ac
2113 2898 2321 2966 regitur
2358 2915 2390 2950 a
2428 2912 2519 2949 ro-

446 3006 600 3042 mano
638 2992 899 3057 antistite,
940 2993 1026 3058 qui
1065 3006 1166 3042 non
1210 2990 1435 3043 filiorum
1474 2995 1701 3057 tantum,
1739 2991 1836 3042 sed
1875 2997 2084 3059 patrum
2110 3005 2324 3058 quoque
2362 2996 2519 3058 pater

445 3085 663 3135 exsistit.
739 3084 1062 3137 Refer-untur
1097 3099 1230 3151 ergo
1269 3084 1360 3135 vel
1384 3083 1487 3151 ipsi
1526 3084 1770 3152 episcopi
1794 3083 2026 3136 filiorum
2062 3085 2232 3135 instar
2263 3083 2332 3135 ad
2359 3098 2517 3150 prae-

446 3176 611 3227 sulem
652 3177 794 3228 urbis
831 3177 907 3229 uti
944 3177 1011 3228 ad
1050 3183 1286 3244 patrem;
1335 3177 1492 3228 immo
1530 3192 1663 3230 vero
1708 3177 2014 3230 referuntur
2055 3175 2127 3229 ad
2164 3174 2405 3229 eumdem
2442 3175 2519 3227 uti

448 3282 579 3319 oves
611 3268 677 3320 ad
716 3285 864 3321 suum
903 3275 1188 3338 pastorem.

566 3523 581 3550 ¹
612 3522 693 3579 Ep.
726 3524 783 3567 ad
815 3525 975 3584 Pelag.
1007 3531 1052 3571 et
1084 3531 1275 3575 Anatol.

566 3594 583 3621 ²
617 3593 683 3637 cf.
714 3596 786 3639 Fr.
819 3598 1086 3643 Bernardin.
1118 3601 1301 3646 Ferrar.
1336 3603 1392 3646 de
1424 3603 1565 3659 antiq.
1591 3602 1860 3646 ecclesiast.
1894 3601 2081 3658 epistol.
2114 3614 2218 3659 gen.
2250 3602 2279 3645 l.
2311 3601 2380 3643 ΠΙ.
2412 3613 2448 3643 c.
2475 3601 2514 3642 1.

448 3667 494 3706 et
528 3665 749 3723 Stephan.
783 3669 939 3713 Baluz.
972 3671 1017 3714 in
1049 3673 1234 3718 adiectt.
1267 3675 1444 3720 adnott.

565 3737 582 3765 ³
613 3739 788 3783 Contra
821 3741 1102 3799 Anthimum,
1145 3745 1364 3789 Severum
1399 3747 1609 3803 aliosque
1643 3746 1896 3802 acephalos
1928 3758 2050 3788 anno
2082 3746 2183 3787 536.
2230 3757 2304 3799 ap.
2342 3733 2512 3786 Labbe.

445 3810 475 3848 t.
507 3808 560 3850 V.
593 3823 635 3865 p.
667 3812 763 3854 999.

560 3880 580 3908 4
611 3881 868 3939 Numidiae,
902 3886 1197 3944 Byzacenae,
1230 3891 1549 3935 Mauritaniae.

564 3950 582 3978 ⁵
611 3954 730 3996 Anni
760 3956 858 3998 649.
891 3970 964 4013 ap.
997 3958 1164 4001 Labbe.
1197 3964 1225 4003 t.
1257 3960 1350 4004 Vll.
1383 3975 1426 4018 p.
1465 3965 1560 4006 131.
