2716 4446
203 345 353 425 prius
391 345 732 406 tractandum
795 348 884 404 vel
942 348 1324 421 accipiendum
1382 348 1480 415 sit,
1543 345 1651 399 nisi
1708 342 1778 398 ad
1822 342 2072 398 notitiam
2117 336 2293 396 almae
2337 335 2622 375 Praedi‘1a22'⁰⁷2²‘⁸

2381 386 2579 420 exordium.

205 434 349 500 sedis
387 452 602 499 vestrae
641 443 837 497 fuisset
873 443 1203 496 deductum:
1257 451 1316 496 ut
1353 441 1514 494 huius
1553 439 1900 506 auctoritate,
1959 438 2104 490 iusta
2156 454 2295 508 quae

204 539 398 593 fuisset
420 537 803 609 pronuntiatio,
835 531 1183 593 firmaretur:
1223 534 1459 605 indeque
1487 539 1760 597 sumerent
1787 539 2000 585 ceterae
2029 529 2295 584 ecclesiae

173 630 357 686 -Velut
393 630 460 684 de
498 629 667 683 natali
707 647 803 682 suo
843 629 991 682 fonte
1030 622 1456 699 praedicationis
1497 626 1799 694 exordium,
1841 632 1894 678 et
1920 642 2019 695 per
2049 623 2298 677 diversas

205 725 371 779 totius
409 722 600 777 mundi
636 723 890 792 regiones
929 722 1182 792 puritatis
1222 721 1570 790 incorruptae
1603 724 1862 771 maneant
1888 717 1929 790 1)
1969 717 2100 770 fidei
2125 736 2298 770 sacra-

2317 805 2505 842 Quaerelae
2520 803 2563 835 de
2582 812 2659 835 con-

2315 847 2658 888 stantinopaecczeeia.

205 826 387 872 menta
436 816 679 884 salutis„
754 815 895 868 Tum
951 821 1359 885 conqueruntur
1396 813 1462 865 de
1514 813 1755 866 novitate
1819 811 1965 882 apud
2025 812 2299 865 civitatem

207 909 864 981 constantinopolitanam,
907 915 1184 961 servatum
1223 906 1291 959 ab
1331 907 1466 977 ipsis
1507 925 1570 959 eo
1610 924 1785 977 usque
1827 904 1894 957 de
1922 924 1980 958 re
2022 904 2301 958 silentium

207 1013 473 1060 excusant
510 1024 610 1076 per
648 999 906 1057 romanae
947 1001 1093 1054 sedis
1133 1009 1449 1054 consuetam
1492 999 1864 1073 vigilantiam3
1926 1018 2079 1053 suam
2118 1006 2303 1052 tamen

207 1102 449 1173 ipsorum
500 1117 716 1170 quoque
741 1097 785 1169 2>
851 1115 1036 1149 curam
1094 1095 1364 1164 fatentur3
1435 1093 1636 1147 frustra
1692 1102 1872 1147 autem
1931 1094 2082 1147 illam
2133 1093 2302 1146 fuisse

208 1194 573 1248 lamentantur
594 1196 621 1261 ς’
663 1199 918 1262 retegunt
976 1189 1222 1243 scandali
1261 1189 1529 1258 originem
1585 1207 1650 1241 ac
1709 1189 1929 1257 fontem,
1972 1205 2206 1259 cumque
2247 1187 2304 1239 in

209 1286 352 1342 malo
390 1287 598 1358 gloriae
637 1304 819 1339 amore
845 1291 1130 1356 reponunt,
1173 1302 1279 1355 quo
1318 1282 1486 1351 „dum
1514 1283 1621 1335 sibi
1647 1282 1893 1336 nonnulli
1919 1281 2111 1336 volunt
2141 1281 2301 1349 acuti,

159 1420 165 1425 -
210 1381 558 1453 perspicaces
598 1387 653 1432 et
691 1379 967 1449 sapientes
1006 1377 1201 1445 videri,
1244 1383 1515 1447 quaerunt
1539 1375 1583 1448 ³)
1624 1376 1755 1447 quid
1794 1377 1923 1429 novi
1961 1375 2304 1447 pi'oferant„;

208 1475 347 1529 ‘haec
384 1474 642 1528 vanitatis
683 1473 866 1526 studia
904 1471 973 1526 ad
1011 1472 1330 1542 inpietatem
1372 1469 1681 1524 conducere
1710 1477 1931 1522 auctore
1970 1468 2233 1540 Apostolo
2256 1468 2303 1540 4)
2328 1468 2655 1504 Vanitatiffludia·

213 1567 478 1641 probant3
535 1586 599 1620 ac
650 1566 870 1620 tandem
922 1584 1137 1619 rursum
1187 1571 1359 1618 semet
1397 1564 1506 1634 „ad
1543 1564 1759 1635 largum
1799 1563 2051 1616 culminis
2103 1563 2308 1616 fontem

209 1668 533 1717 convertunt
571 1669 844 1733 roganteS,
887 1669 948 1714 ut
987 1661 1032 1713 si
1070 1667 1401 1713 memoratus
1449 1659 1700 1730 superius
1740 1659 1908 1711 frater
1933 1657 2136 1710 Paulus
2184 1676 2308 1710 con-

214 1754 724 1827 stantinopolitanus
763 1775 796 1807 a
833 1754 1069 1808 nefanda
1109 1773 1166 1807 se
1204 1754 1463 1807 novitatis
1515 1752 1900 1805 adinventione
1942 1750 2188 1823 (Pyrrhi)
2240 1750 2310 1803 ad
2325 1758 2536 1791 Adinventio
2575 1757 2670 1790 nom·-

2455 1802 2552 1843 tatis.

215 1854 485 1921 integram
535 1868 644 1902 non
694 1848 1075 1902 reformaverit
1131 1847 1468 1901 orthodoxae
1527 1845 1655 1899 fidei
1718 1845 2181 1917 praedicationem
2214 1887 2226 1901 .
2255 1886 2268 1900 .
2296 1885 2307 1897 .

215 1944 506 1998 auctoritas
558 1942 733 1996 almae
792 1941 938 1996 sedis
993 1948 1207 1995 vestrae
1265 1941 1421 1996 iuxta
1470 1947 1682 2011 patrum
1738 1934 2045 1993 sanctiones
2105 1938 2313 1992 salubri

219 2037 445 2093 consilio
511 2043 810 2108 pertractet
872 2056 904 2090 a
956 2055 1088 2089 sano
1154 2053 1381 2106 corpore
1448 2052 1707 2105 separare
1771 2032 1975 2087 vulnus
2039 2034 2310 2102 insanum,

218 2140 535 2204 remotoque
573 2131 749 2186 morbi
789 2131 1083 2185 saevientis
1134 2128 1269 2182 flatu
1314 2130 1527 2182 cautius
1576 2147 1716 2203 quae
1772 2135 1899 2181 sunt
1939 2128 2154 2181 sincera
2191 2145 2311 2199 per-

220 2228 431 2295 durent,
471 2234 525 2280 et
560 2222 699 2297 'grex
735 2227 923 2297 purior
961 2224 1030 2278 ab
1069 2223 1174 2277 hac
1211 2223 1342 2276 mali
1381 2224 1706 2294 contagione
1736 2222 1968 2294 spiritali
2006 2223 2176 2276 vestri
2202 2221 2313 2276 cul·

220 2323 381 2376 minis
418 2321 746 2375 ferramento
780 2321 824 2392 ⁵)
865 2327 1180 2392 purgetur.„
1260 2318 1475 2386 Quibus
1515 2317 1824 2372 declaratur

379 2417 444 2472 ·1.
499 2415 676 2483 πρᾶξις
732 2434 985 2469 recursus
1044 2423 1098 2467 ct
1154 2412 1536 2485 adpellationis
1593 2412 1663 2465 ad
1712 2412 1898 2466 sedem
1934 2412 2146 2466 romani
2183 2430 2313 2483 pon-
2369 2468 2376 2474 ,

224 2511 420 2564 tificis:
2327 2502 2330 2505 ’

398 2606 449 2658 2.
490 2604 651 2658 huius
690 2623 821 2657 usus
860 2611 1134 2659 vetustas:

403 2699 452 2754 3.
491 2697 639 2752 illius
678 2698 1084 2753 universalitas:
1126 2706 1179 2751 et

359 2991 362 2995 '
408 2986 442 3040 ¹)
474 2986 712 3039 Propterea
741 2984 875 3038 igitnr
904 2986 1157 3039 incorrupta
1187 2979 1334 3026 manet
1363 2983 1466 3029 fidei
1495 2983 1663 3038 puritas
1694 2984 1740 3024 in
1771 2984 1874 3025 orbe
1909 2981 2168 3036 christiano,
2202 2983 2331 3038 quodi

235 3058 272 3100 is
304 3057 360 3099 ab
390 3058 642 3111 incorrupto
674 3056 794 3098 fonte
824 3070 1030 3099 romanae
1061 3057 1176 3098 sedis
1205 3057 1379 3111 pendet.

408 3127 443 3182 ²)
476 3129 622 3178 Quum
653 3129 841 3170 ecclesia
873 3129 1039 3170 Christi
1067 3143 1203 3170 unum
1252 3130 1308 3170 sit
1338 3130 1467 3182 ovile,
1499 3133 1695 3183 pastores
1728 3142 1878 3169 omnes
1912 3128 1965 3168 de
1996 3128 2193 3169 custodia
2225 3129 2319 3168 eius
2339 3151 2532 3183 Commota
2555 3151 2683 3191 episco-

234 3203 450 3250 tenentur,
482 3203 531 3240 ut
562 3199 810 3254 Cyprianus
841 3201 916 3253 ait,
947 3202 993 3241 in
1023 3201 1228 3252 solidum3
1272 3203 1350 3242 ubi
1381 3215 1484 3255 ergo
1515 3202 1695 3242 fratrem
1726 3202 1937 3253 aberrare
1960 3214 1987 3241 a
2018 3201 2172 3241 semita
2201 3205 2459 3241 rectavvrum
2483 3195 2685 3238 viqilantia.

236 3274 519 3324 cognoscunt,
560 3274 653 3311 tum
693 3285 720 3312 a
758 3272 912 3325 regula
953 3273 1172 3314 fraternae
1213 3273 1525 3314 admonitionis
1553 3277 1646 3314 tum
1677 3287 1703 3313 a
1735 3286 1841 3313 cura
1870 3272 2079 3326 pastorali
2110 3273 2246 3324 illum,
2280 3278 2323 3313 et

236 3355 314 3397 pro
344 3341 575 3407 ’adiunctis
621 3356 838 3383 summum
882 3348 1102 3397 pastorem
1146 3357 1323 3386 monere
1368 3349 1584 3387 tenentur.
1639 3345 1691 3386 Id
1737 3345 1853 3398 quod
1899 3345 2084 3386 africani
2130 3346 2325 3399 episcopi

237 3412 462 3467 praeclaro
494 3426 573 3454 suo
605 3414 803 3468 exemplo
836 3415 1189 3468 comprobarunt,
1221 3416 1322 3456 vide
1345 3417 1403 3457 sis
1434 3417 1598 3458 ibidem
1628 3431 1670 3471 p.
1704 3415 1802 3458 735.

415 3483 449 3538 ³)
481 3485 563 3526 His
597 3485 753 3526 Patres
784 3486 1004 3527 deterrent
1033 3487 1089 3527 ab
1122 3501 1272 3528 eorum
1303 3484 1471 3540 studiis,
1503 3489 1550 3529 in
1577 3502 1624 3529 re
1655 3489 1843 3529 maxime
1874 3488 1975 3529 fidei
1995 3493 2127 3543 atque
2157 3489 2322 3530 theolo-

249 3556 360 3614 gica,
384 3557 458 3609 qui
487 3557 798 3610 perspicaciam
830 3558 1175 3612 sapientiamque
1207 3559 1434 3601 dumtaxat
1463 3561 1510 3600 in
1529 3575 1674 3602 rerum
1696 3562 1905 3612 novitate,
1938 3561 2144 3615 vituperii
2175 3566 2324 3603 autem

243 3629 460 3671 maculam
490 3629 548 3670 in·
567 3643 618 3670 eo
650 3631 874 3684 reperiunt
903 3631 1193 3684 potissimum,
1227 3632 1343 3685 quod
1374 3633 1485 3672 nihil
1515 3635 1620 3674 novi
1651 3634 1815 3674 dictum
1847 3635 1918 3677 sit.

420 3700 454 3754 ⁴)
487 3702 523 3745 Ι.
556 3702 668 3745 Tim.
699 3703 734 3744 Ι.
765 3702 842 3747 VI.
878 3703 977 3747 coll.
1009 3704 1047 3747 Ι.
1082 3703 1180 3746 Cor.
1213 3704 1249 3747 Ι,
1279 3703 1349 3746 27.
1381 3705 1546 3746 Jerem.
1578 3706 1631 3747 V.

420 3769 453 3827 5)
486 3774 729 3845 Universus
770 3775 919 3827 itaque
960 3775 1238 3828 episcopatus
1278 3775 1454 3816 Africae
1486 3777 1882 3818 ecclesiasticarum
1914 3778 2191 3819 severitatem
2221 3792 2324 3832 poe·
2368 3800 2485 3833 Poena
2501 3801 2661 3833 eeclesia-

243 3858 398 3887 narum
427 3859 454 3886 a
484 3859 665 3887 romano
695 3847 901 3900 pontifice
931 3848 995 3887 uti
1026 3847 1332 3899 necessariam,
1374 3849 1742 3901 quemadmodum
1769 3841 1890 3890 illico
1921 3849 2083 3890 ibidem
2116 3851 2324 3903 declarat,
2455 3846 2556 3878 stica.

175 3939 179 3942 ·
242 3917 557 3960 instantissime
597 3919 858 3976 postulabat,
900 3918 1117 3978 huiusque
1158 3921 1433 3963 necessitatis
1474 3921 1660 3963 acerbae
1700 3923 1971 3964 necessarias
2005 3923 2136 3964 etiam
2168 3937 2325 3968 causas

248 3988 394 4034 dabat.
