2716 4446
270 2195 407 2235 Petrum.

272 2763 439 2800 Joannes.

247 3510 311 3546 Tit.
334 3513 363 3547 I.
386 3515 418 3548 5.

562 277 620 337 in
655 279 852 338 virtute
890 278 999 338 Dei
1024 283 1066 357 1)
1107 291 1358 357 superato
1396 285 1454 339 in
1490 284 1618 355 illis,
1675 284 1909 340 eundem
1947 303 2055 340 uno
2092 279 2264 342 veluti
2299 283 2412 344 ictu
2449 284 2638 347 itidem

564 386 619 431 et
656 377 895 431 dominio
936 397 1032 432 suo
1071 379 1129 432 in
1166 387 1336 434 totam
1374 380 1636 433 ditionem
1673 380 1986 451 privassent
2041 388 2095 436 et
2152 380 2428 438 Christum
2467 387 2638 440 cruci-

558 470 728 524 fixum
766 471 949 542 palam
999 472 1055 526 in
1107 473 1290 527 media
1338 473 1581 527 locorum
1636 476 2030 547 regionumque
2086 474 2207 530 luce
2265 476 2636 536 collocassent,

555 563 737 636 Atque
775 564 902 619 huic
938 585 1270 637 praeconum
1299 567 1720 638 apostolicorum
1748 569 2094 623 oeconomiae
2122 569 2290 624 tribui
2326 589 2435 624 non
2458 572 2637 626 minus

555 657 733 726 debet,
773 667 832 713 ut
868 668 1021 714 tanta
1060 661 1339 715 celeritate
1378 661 1514 715 fides
1551 681 1778 716 romana
1799 663 1844 734 ²)
1884 664 1941 716 in
1967 664 2224 718 universo
2252 665 2455 734 mundo
2479 684 2634 737 prae-

553 752 854 822 dicaretur,
915 772 1079 825 quam
1135 762 1196 808 ut
1250 748 1514 827 capitales
1570 775 1863 828 regnorum
1919 757 2434 831 provinciarumque
2472 758 2634 814 urbes

549 846 754 917 pariter
778 848 1104 920 metropoles
1130 849 1337 918 fierent,
1378 869 1411 903 a
1450 849 1648 922 quibus
1673 850 1801 904 fidei
1827 850 1924 904 lux
1951 869 2173 922 egressa
2199 869 2298 922 per
2322 854 2632 923 provincias

548 937 711 993 latius
750 941 1168 1013 diffunderetur,
1222 953 1387 1016 atque
1425 944 1681 999 fundatae
1721 946 1926 999 circum
1964 945 2253 1000 cathedrae
2292 946 2631 1019 episcopales

547 1033 763 1088 facilius
802 1037 1248 1110 commodiusque
1288 1039 1606 1110 penderent.
1681 1039 1872 1111 Neque
1923 1039 2067 1094 fastu
2103 1042 2239 1094 moti
2276 1039 2366 1095 vel
2403 1040 2628 1112 ambitu,

546 1147 724 1200 neque
762 1131 925 1184 meris
965 1132 1314 1203 profanarum
1352 1152 1534 1187 rerum
1571 1132 1964 1187 imitationibus
2003 1133 2223 1205 inpulsi,
2289 1133 2385 1187 sed
2421 1136 2632 1205 gravi&

546 1224 696 1277 simis
721 1224 765 1296 3)
823 1225 891 1279 de
943 1227 1123 1280 causis
1174 1228 1413 1300 itemque
1453 1228 1722 1300 sapientia
1777 1235 1831 1281 et
1885 1228 2078 1299 spiritu
2126 1227 2321 1299 repleti
2377 1247 2443 1283 ac
2479 1228 2629 1283 ducti

543 1317 796 1389 Apostoli
832 1329 1128 1392 praeeunte
1167 1321 1328 1376 Petro
1389 1321 1706 1393 deligebant
1750 1321 2190 1394 Hierosolymam
2227 1323 2491 1394 primum,
2530 1321 2626 1376 ubi

543 1412 862 1483 evangelica
915 1415 1321 1486 praedicatione
1376 1417 1762 1488 fungerentur,
1819 1424 1935 1470 tum
1990 1434 2121 1470 vero
2159 1416 2506 1470 Antiochiam
2567 1424 2622 1470 et

539 1504 782 1576 Romam,
838 1507 934 1562 ubi
970 1508 1186 1563 illorum
1223 1512 1479 1582 princeps
1535 1512 1874 1582 principatus
1932 1511 2026 1582 sui⁴
2070 1509 2384 1564 cathedram
2421 1511 2618 1582 posuit,

538 1599 932 1655 Alexandriam
989 1621 1178 1674 porr0,
1241 1603 1523 1676 Ephesum
1583 1612 1744 1678 atque
1803 1604 2149 1673 Corinthum,
2211 1603 2494 1675 Philippos
2555 1621 2621 1657 ac

537 1692 1001 1766 Thessalonicam,
1028 1703 1088 1750 ut
1125 1696 1406 1768 religionis
1446 1699 1650 1752 circum
1669 1717 1768 1770 per
1803 1700 2054 1769 regiones
2094 1697 2390 1752 evaderent
2424 1705 2618 1752 metro-

534 1786 719 1858 poleS,
758 1787 1065 1843 celebratae
1104 1790 1340 1862 amplius
1378 1810 1478 1863 per
1514 1791 1678 1846 fidem
1717 1791 2082 1861 christianam,
2111 1809 2272 1864 quam
2300 1810 2400 1863 per
2424 1790 2618 1853 civiles,

537 1880 915 1937 distinctiones
954 1883 1083 1939 olim
1120 1885 1500 1943 inclaruerant.

1069 2045 1112 2092 2.
1142 2045 1556 2088 Ecclesiasticarum
1588 2046 1711 2101 origo
1740 2046 2080 2100 provinciarum.

707 2187 794 2246 57.
822 2188 969 2243 Hinc
996 2189 1187 2244 oborta
1211 2189 1564 2262 provincialis
1592 2188 1946 2244 ecclesiarum
1984 2190 2310 2261 constitutiO,
2350 2189 2420 2244 ad
2457 2191 2611 2245 cuius

531 2279 695 2336 ritum
730 2285 985 2355 princeps
1011 2283 1398 2355 Apostolorum
1438 2302 1610 2356 aeque
1636 2285 1947 2355 respexisse
1973 2284 2190 2338 videtur
2226 2286 2282 2338 in
2308 2283 2610 2339 litterarum

533 2395 752 2431 suarum
790 2379 1143 2450 inscriptione
1165 2379 1212 2452 4)
1254 2398 1416 2451 quam
1454 2398 1487 2432 a
1525 2380 1823 2450 provinciis
1861 2381 1997 2450 petit
2033 2379 2139 2433 fide
2176 2379 2486 2448 illustratiS,
2543 2398 2610 2433 ac

527 2473 772 2542 gentium
822 2472 1145 2544 ApostoluS,
1221 2475 1314 2546 qui
1365 2492 1475 2528 non
1531 2474 1691 2527 modo
1754 2473 1938 2527 Titum
1963 2474 2004 2543 5)
2068 2475 2356 2528 universae
2413 2472 2607 2528 Cretae

525 2566 811 2636 praefecit,
872 2566 969 2619 sed
1018 2568 1199 2620 varias
1265 2585 1479 2639 quoque
1533 2566 1778 2620 eiusdem
1826 2568 2066 2637 regionis
2118 2567 2378 2621 ecclesias
2400 2566 2448 2639 ⁶)
2497 2586 2608 2622 non

532 2659 700 2713 semel
737 2660 793 2713 in
831 2661 1095 2714 unitatem
1120 2662 1159 2729 ⁷)
1213 2661 1621 2716 ecclesiasticae
1660 2661 1976 2732 provinciae
2015 2661 2452 2733 comprehendit:
2490 2669 2606 2715 tum

527 2750 768 2806 Joannes
819 2753 1186 2826 evangelista,
1241 2774 1351 2809 non
1387 2754 1546 2809 modo
1587 2753 1732 2827 quod
1769 2754 1839 2808 ad
1878 2761 2088 2826 septem
2123 2755 2399 2827 principes
2435 2755 2603 2810 Asiae

699 3000 736 3057 ¹)
766 3003 803 3048 Ι.
837 3002 940 3051 Cor.
970 3003 1034 3052 II.
1057 3002 1098 3049 1.
1122 3015 1218 3059 sqq.

698 3075 732 3131 2)
761 3077 887 3122 Rom.
921 3078 1020 3123 XV.
1047 3075 1116 3121 18.
1149 3090 1217 3131 sq.

697 3146 730 3202 δ)
762 3149 831 3190 De
860 3147 929 3191 his
959 3149 1060 3191 vide
1091 3148 1299 3190 adnotata
1329 3145 1461 3202 paulo
1493 3148 1709 3203 superius.

695 3218 729 3274 ⁴)
759 3221 796 3266 I.
828 3222 946 3263 Petr.
978 3221 1016 3265 Ι.
1050 3219 1090 3262 1.
1124 3221 1308 3274 „Petrus
1339 3219 1575 3274 Apostolus
1606 3219 1716 3261 Jesu
1739 3218 1915 3273 Christi,
1939 3218 2090 3262 electis
2115 3217 2295 3261 advenis
2318 3217 2598 3274 dispersionis

517 3289 649 3333 Ponti
679 3291 821 3346 (cuius
851 3293 1103 3348 metropolis
1135 3291 1356 3346 Amasea),
1391 3291 1590 3333 Galatiae
1622 3290 1770 3346 (cuius
1791 3291 2041 3346 metropolis
2061 3289 2270 3345 Ancyra),
2294 3289 2597 3345 Cappadociae

518 3362 659 3416 (cuius
690 3365 941 3418 metropolis
973 3363 1220 3419 Caesarea),
1251 3363 1383 3405 Asiae
1415 3363 1557 3418 (cuius
1589 3363 1840 3418 metropolis
1869 3363 2103 3417 Ephesus),
2136 3367 2180 3405 et
2195 3363 2429 3418 Bithyniae
2452 3362 2595 3419 (cuius

517 3436 768 3491 metropolis
798 3436 1117 3490 Nicomedia).„

692 3507 725 3562 ⁵)
757 3509 841 3554 Tit.
875 3509 913 3554 Ι.
946 3507 990 3553 5.
1024 3508 1150 3550 Unde
1182 3507 1381 3561 Gortyna
1410 3508 1619 3550 remansit
1651 3507 1926 3549 Cretensium
1955 3507 2220 3562 metropolis.

700 3577 733 3635 ⁶)
765 3581 802 3624 I.
836 3580 937 3625 Cor.
969 3581 1090 3624 XVI.
1123 3578 1164 3621 1.
1197 3578 1265 3624 19.
1299 3579 1397 3622 coll.
1425 3579 1526 3624 Act.
1577 3579 1675 3623 XV.
1716 3577 1788 3623 31.
1836 3577 1909 3624 41.
1941 3579 2061 3623 XVI.
2091 3578 2134 3621 5.
2166 3579 2202 3623 I.
2223 3579 2378 3623 Thes&
2425 3576 2484 3620 11.
2517 3575 2589 3620 14.

514 3651 572 3693 ΙΙ.
592 3650 690 3693 Cor.
736 3652 856 3695 VIII.
890 3651 929 3693 1.
962 3650 1104 3693 Galat.
1138 3652 1172 3693 Ι.
1205 3649 1246 3692 2.
1278 3649 1350 3695 22.
1382 3652 1501 3704 alibi,
1532 3651 1692 3704 plurali
1721 3664 1903 3693 numero
1949 3650 2158 3694 ecclesias
2203 3650 2348 3703 Asiae,
2379 3649 2589 3701 Judaeae,

523 3722 734 3776 Galatiae,
765 3723 1051 3765 Macedoniae
1082 3727 1166 3767 etc.
1198 3723 1435 3777 Apostolus
1467 3727 1790 3766 commemorat.

693 3795 726 3850 ⁷)
758 3796 855 3838 Act.
896 3796 1015 3839 XVI.
1059 3794 1100 3840 6.
1143 3795 1241 3837 coll.
1283 3795 1383 3840 XX.
1418 3794 1491 3839 17.
1521 3808 1616 3848 sqq.
1649 3795 1774 3836 Rom.
1808 3795 1908 3841 XV.
1938 3791 2009 3837 26.
2042 3793 2160 3835 XVI.
2192 3791 2236 3836 5.
2282 3793 2319 3837 Ι.
2339 3792 2438 3835 Cor.
2469 3793 2589 3837 XVI.

510 3864 552 3910 8.
585 3865 653 3911 15.
684 3867 719 3911 Ι.
750 3866 792 3912 2.
822 3868 880 3913 ΙΙ.
900 3868 1000 3912 Cor.
1045 3868 1081 3912 Ι.
1114 3867 1153 3913 1.
1183 3867 1261 3912 IX.
1292 3865 1335 3911 2.
1366 3867 1556 3920 Philipp.
1587 3867 1662 3910 IV.
1696 3864 1764 3910 15.
1795 3879 1860 3920 sq.
1905 3866 1942 3910 Ῑ.
1963 3865 2115 3908 Thess.
2147 3864 2222 3909 IV.
2255 3862 2323 3909 10.
2353 3864 2389 3909 Ι.
2422 3862 2490 3909 17.
2522 3878 2589 3921 sq.

507 3938 643 3985 Hebr.
674 3939 797 3985 XIII.
827 3939 898 3986 24.
930 3941 1048 3996 alibi,
1069 3940 1175 3983 Asia
1194 3943 1238 3982 et
1257 3939 1438 3994 Achaia,
1455 3938 1728 3993 Macedonia,
1745 3938 1930 3993 Galatia,
1953 3937 2128 3992 Iudaea,
2149 3937 2290 3994 Italia,
2310 3951 2389 3994 per
2403 3938 2580 3981 modum
