2716 4446
1049 91 1398 152 ...97-

186 236 315 291 fecit
367 234 674 306 voluitque,
734 242 792 290 ut
842 236 911 290 ab
950 254 1013 290 eo
1071 236 1201 290 ordo
1242 233 1592 289 sacerdotalis
1630 234 1895 304 inciperet
1933 238 1986 285 et
2036 230 2262 284 unitatis

188 328 588 383 ecclesiasticae
626 332 745 400 ipse
784 339 929 384 esset
954 331 995 402 1)
1036 331 1203 402 origo.

360 423 444 478 92.
510 420 618 475 Sed
657 422 727 474 ad
769 440 885 474 rem
924 424 1316 477 conficiendam
1354 422 1489 475 nihil
1528 421 1728 475 adferri
1765 419 2029 474 illustrius
2067 426 2263 492 potest,

187 534 351 588 quam
390 514 534 586 quod
573 516 630 567 in
667 518 1023 585 responsione
1072 516 1142 569 ad
1191 515 1655 586 Metropolitanos,
1695 514 2092 584 Moguntinum,
2133 513 2263 567 Tre-

34 597 38 610 -
4 123 46 494 {effitheiawea
14 74 41 117 ,εμπ
34 63 35 66 „
32 32 34 34 <

184 610 473 677 virensem,
515 606 896 661 Coloniensem
925 618 978 662 et
1004 608 1478 680 Salisburgensem
1509 609 1637 662 data
1662 606 2049 661 sanctissimus
2074 608 2262 661 Domi—

184 721 286 756 nus
305 702 456 774 Papa
475 701 604 755 Pius
627 709 814 755 sextus
839 702 1224 773 exponendum
1245 704 1454 756 curavit
1475 703 1739 756 adversus
1760 702 2042 773 opiniones
2066 720 2262 773 excep-
2367 721 2457 754 Pius
2478 721 2539 757 VJ.

183 797 466 868 tionesque
493 797 729 850 maxime
757 796 1001 850 invectas
1029 815 1061 850 a
1087 796 1270 850 Marco
1304 797 1542 851 Antonio
1571 797 1639 850 de
1666 797 1918 850 Dominis
1946 799 2004 850 in
2031 814 2193 868 opere
2216 796 2262 868 ⁹)

179 1142 357 1184 haberi:
385 1142 461 1195 qui
492 1141 638 1182 statim
671 1141 882 1181 miserunt
904 1141 979 1194 qui
1001 1139 1221 1182 deferrent
1247 1140 1386 1182 multa
1412 1152 1464 1181 ae
1490 1139 1662 1180 diversa
1681 1138 1894 1180 donorum
1920 1140 2049 1181 xenia
2077 1139 2263 1181 Romam

179 1219 269 1258 tam
298 1213 494 1269 pontifici
511 1226 642 1267 quam
661 1213 816 1254 ceteris
840 1245 850 1256 .
879 1244 888 1256 .
912 1243 922 1254 .
937 1219 940 1222 ’
956 1212 1044 1254 Sed
1066 1213 1171 1267 quid
1191 1226 1278 1254 non
1298 1216 1516 1267 pertentat
1543 1225 1700 1253 caecus
1729 1225 1851 1254 amor
1870 1212 2093 1254 habendi?
2110 1216 2262 1267 estque

178 1287 470 1344 proverbium,
492 1299 624 1328 aureo
646 1286 813 1340 pugillo
832 1298 1004 1327 murum
1022 1285 1212 1328 ferreum
1233 1286 1434 1341 frangere
1467 1289 1550 1329 etc.
1582 1284 1670 1326 Sed
1700 1298 1994 1339 nequaquam.
2025 1285 2126 1328 Non
2148 1288 2264 1327 enim

177 1364 322 1416 potest
341 1360 436 1402 falli
459 1372 628 1401 summa
643 1359 820 1411 veritas,
854 1371 966 1412 quae
985 1359 1238 1413 spopondit:
1265 1359 1423 1400 Portae
1449 1358 1578 1400 inferi
1599 1371 1687 1399 non
1710 1358 2027 1412 praevalebunt
2051 1358 2262 1400 adversus

179 1447 318 1487 eam.„
351 1432 505 1487 Itaque
535 1431 645 1472 nihil
675 1431 747 1472 isti
778 1431 1003 1472 obtinuere
1033 1432 1126 1472 sive
1156 1431 1309 1472 fraude
1341 1432 1433 1473 sive
1462 1432 1739 1485 corruptione
1784 1444 1812 1473 a
1856 1429 1971 1484 sede,
2022 1430 2080 1472 ad
2131 1444 2262 1485 quam

178 1505 282 1547 talia
293 1518 382 1547 non
396 1504 558 1551 habent
572 1517 810 1557 accessum,
829 1517 941 1558 quae
957 1504 1067 1546 adeo
1083 1505 1357 1559 periculosae
1379 1505 1478 1546 voci
1498 1506 1659 1546 mansit
1681 1504 1866 1557 infensa,
1895 1504 2261 1558 quemadmodum

178 1580 453 1623 manifestum
483 1582 550 1620 est
581 1578 634 1619 de
665 1578 813 1619 Leone
843 1578 920 1621 IX.
954 1579 1030 1632 qui
1060 1591 1147 1619 non
1178 1578 1312 1619 semel
1344 1577 1538 1632 epistolis
1590 1577 1645 1618 ad
1675 1577 1938 1618 Michaelem
1967 1577 2261 1631 patriarcham

179 1667 245 1709 cp.
268 1653 379 1695 datis
397 1654 659 1706 conquestus
692 1654 769 1704 est,
803 1650 919 1705 quod
949 1651 986 1691 is
1008 1663 1090 1692 nec
1121 1650 1315 1691 oblatum
1347 1650 1430 1690 sibi
1461 1663 1487 1690 a
1519 1662 1740 1703 quoquam
1773 1649 1902 1704 (sieut
1932 1647 2128 1691 oblatum
2169 1654 2261 1691 erat

177 1726 373 1781 pontifici
413 1722 611 1778 romano)
654 1736 736 1764 nee
781 1736 1039 1764 concessum
1082 1723 1429 1776 superstitiosum
1471 1722 1732 1763 vocabulum
1774 1726 1923 1763 tantae
1955 1722 2260 1764 obstinationis

179 1797 452 1841 contumacia
481 1809 559 1851 per
582 1796 922 1850 quadringentos
952 1797 1040 1836 iam
1062 1799 1105 1837 et
1125 1795 1310 1849 amplius
1341 1809 1479 1836 annos
1500 1809 1712 1850 usurpare
1742 1809 1832 1837 non
1862 1799 2065 1837 cessaret.
2097 1795 2261 1837 Verum

177 1875 299 1913 tanta
327 1871 409 1912 fuit
438 1882 644 1911 romanae
676 1868 792 1910 sedis
822 1868 1122 1922 temperantia,
1154 1872 1203 1908 ut
1233 1881 1332 1909 cum
1362 1869 1408 1908 in
1437 1867 1704 1922 lugdunensi
1732 1868 1790 1911 II.
1823 1871 1866 1908 et
1895 1856 2126 1910 florentino
2158 1881 2260 1909 con-

183 1943 282 1984 cilio
311 1956 381 1984 res
412 1942 585 1983 unionis
609 1945 825 1996 ageretur,
871 1941 924 1982 de
956 1940 1226 1981 oecumenici
1256 1940 1383 1981 titulo
1414 1940 1535 1981 nulla
1565 1940 1829 1981 excitaretur
1859 1939 2108 1994 disputatio,
2159 1940 2261 1981 licet

183 2015 403 2070 Josephus
435 2029 502 2069 cp.
532 2013 780 2068 patriarcha
802 2014 847 2053 in
877 2014 1108 2067 posteriori
1139 2012 1323 2053 concilio
1355 2015 1493 2053 semet
1515 2011 1600 2052 hoc
1630 2011 1756 2053 titulo
1788 2011 2087 2066 distingueret.

357 2086 393 2142 ¹)
428 2086 562 2130 Cone.
592 2087 764 2129 nicaen.
796 2085 875 2128 VI.
920 2085 1132 2138 legimus:
1178 2079 1371 2133 Ὡμοίως·
1402 2082 1456 2123 δέ
1500 2082 1576 2123 καὶ
1606 2080 1727 2124 κατοὶ
1757 2079 1840 2138 τήν
1870 2079 2155 2134 Ἀντιόχειαν
2186 2083 2262 2124 καὶ

183 2161 226 2202 ἐν
266 2163 369 2204 ταῖς·
417 2155 574 2202 ἄλλαις
621 2156 867 2215 ἐπαρχίαις
910 2153 974 2198 ‘coz‘
1017 2159 1238 2214 πρεσβεῖα
1286 2153 1515 2203 σώζεσθαι
1559 2159 1663 2200 ταῖς
1709 2155 1980 2211 ἐκκλησίαις-ι
2025 2156 2263 2210 „Similiter

181 2238 330 2276 autem
361 2233 431 2289 (ac
461 2234 703 2276 secundum
747 2247 914 2275 morem
958 2246 1189 2275 romanum
1233 2231 1544 2274 alexandrinus
1577 2232 1806 2287 episcopus
1839 2245 1964 2274 suam
1993 2232 2155 2274 habeat
2182 2245 2260 2286 po-

180 2307 401 2362 testatem)
447 2311 492 2349 et
534 2306 651 2361 apud
694 2306 973 2347 Antiochiam
1020 2309 1275 2359 ceterasque
1325 2305 1575 2359 provincias
1622 2305 1713 2346 suis
1757 2305 1990 2359 privilegia
2035 2308 2261 2346 serventur

181 2376 417 2434 ecclesiia„
467 2380 604 2422 Porro
650 2376 917 2436 πρεσβεύειν
964 2379 1024 2422 II.
1069 2377 1169 2422 Cor.
1202 2379 1257 2422 V.
1301 2375 1369 2420 2Ο.
1403 2378 1515 2432 Eph.
1547 2377 1625 2421 VI.
1656 2372 1983 2431 20.'significat
2013 2377 2260 2431 „legatione
2315 2364 2582 2421 Πρεσβὸῐθν·

179 2453 360 2507 fungi„:
391 2453 580 2508 ideoque
611 2448 639 2508 ἦ
660 2451 882 2509 πρεσβεία
903 2456 969 2494 est
990 2452 1107 2494 idem
1128 2466 1181 2493 ac
1202 2453 1367 2506 legatio
1388 2465 1466 2506 pro
1492 2450 1665 2493 Christo
1697 2451 1914 2502 obeunda,
1947 2455 1991 2492 et
2020 2453 2261 2507 πρεσβεῖον
2320 2492 2333 2501 ,

178 2525 295 2568 idem
311 2539 364 2567 ac
379 2526 501 2567 locus
528 2539 608 2567 seu
625 2538 804 2580 campus
820 2525 896 2565 ubi
911 2525 1074 2579 legatio
1091 2525 1248 2577 obitur,
1266 2538 1355 2566 non
1372 2537 1498 2565 secus
1515 2537 1568 2565 ac
1585 2522 1865 2564 διδασκαλία
1883 2527 1926 2565 et
1943 2522 2262 2564 διδασκαλεῖον

178 2599 418 2641 doctrinam
450 2602 494 2640 et
510 2598 703 2640 scholam
726 2598 947 2639 denotant.
981 2598 1126 2649 Quum
1145 2610 1250 2639 vero
1273 2610 1363 2639 non
1386 2597 1569 2651 quilibet
1599 2592 1800 2651 πρεσβύς·
1830 2598 1886 2653 sit
1900 2597 2154 2650 Apostolus,
2188 2597 2263 2651 qui

176 2671 340 2726 ubique
368 2671 590 2725 legatione
620 2670 746 2725 fungi
776 2671 939 2724 possit;
970 2670 1072 2710 hinc
1104 2674 1170 2711 est
1201 2669 1317 2724 quod
1349 2671 1589 2725 πρεσβεῖον
1619 2668 1735 2709 idem
1766 2669 1823 2710 sit
1853 2683 1906 2710 ac
1927 2668 2155 2723 provincia
2184 2682 2262 2710 seu

177 2743 388 2785 dioecesis
431 2743 719 2785 determinata
760 2747 803 2783 et
843 2742 1088 2796 adsignata.
1144 2742 1265 2792 Quas
1306 2742 1558 2796 provincias
1599 2742 1772 2782 nicaeni
1803 2741 2101 2783 intellexerint
2131 2741 2261 2784 docet

177 2816 221 2860 J.
251 2816 304 2862 A.
336 2816 571 2860 Blanchin.
605 2815 658 2856 de
688 2816 812 2869 polit.
847 2815 1003 2858 eccles.
1037 2815 1064 2856 l.
1096 2815 1133 2858 I.
1167 2829 1204 2856 c.
1237 2813 1279 2859 2.
1312 2815 1401 2858 vol.
1427 2815 1483 2856 11.
1507 2815 1575 2856 ed.
1597 2816 1756 2859 taurin.
1780 2813 1908 2860 1857.
1938 2828 2013 2869 pp.
2038 2812 2136 2857 149.
2158 2828 2257 2869 sqq.

354 2886 390 2942 ²)
422 2887 545 2942 Opus
579 2886 707 2929 1617.
741 2891 785 2928 et
816 2885 943 2928 1622.
984 2888 1031 2928 in
1070 2887 1245 2942 Anglia,
1276 2888 1322 2928 in
1353 2887 1588 2928 Germania
1621 2886 1749 2930 1658.
1781 2888 1946 2929 editum
1978 2902 2093 2943 „quo
2125 2901 2258 2929 ausus
2273 2893 2537 2944 Damnat-urm
2554 2891 2622 2926 Do-

176 2964 245 3001 est
275 2959 561 3011 comminisci,
594 2971 689 3000 esse
731 2958 961 2999 ecclesiam
1005 2959 1275 3013 reipublicae
1305 2960 1457 3009 instar,
1501 2963 1546 3000 et
1575 2960 1684 3001 nihil
1715 2961 1836 3002 aliud
1869 2974 1963 3002 esse
1993 2961 2258 3015 pontificem,
2386 2946 2506 2970 mame.

173 3032 260 3074 nisi
289 3032 427 3073 veluti
459 3032 679 3086 quoddam
709 3033 848 3086 ipsius
882 3035 1024 3086 caput,
1056 3033 1305 3073 ministrum
1335 3046 1387 3073 ac
1433 3033 1603 3086 ducem,
1637 3033 1891 3074 damnatum
1922 3033 2057 3075 fuisse
2088 3037 2260 3075 constat

177 3103 304 3148 1618.
336 3106 708 3147 abuniversitate
741 3104 966 3146 Sorbonae
997 3109 1108 3146 teste
1130 3106 1189 3146 M.
1213 3106 1347 3147 Lovis
1378 3106 1550 3147 Moveri
1579 3107 1626 3146 in
1658 3106 1886 3148 dictionar.
1920 3105 2072 3149 histor.
2107 3109 2151 3147 et
2180 3119 2259 3159 per

173 3178 412 3229 idemiere
441 3182 616 3232 tempus
646 3192 674 3219 a
703 3179 912 3220 facultate
943 3177 1192 3233 theologica
1224 3181 1476 3221 coloniensi.
1509 3180 1633 3221 Haec
1665 3180 1780 3220 enim
1813 3192 1913 3220 cum
1934 3192 1959 3220 a
1979 3178 2258 3220 Ferdinando

0 3259 9 3301 ξ,
178 3250 390 3292 Coloniae
421 3251 608 3293 electore
639 3255 770 3305 atque
801 3252 1129 3307 archiepiscopo
1163 3253 1215 3293 de
1247 3254 1384 3307 ipsius
1417 3254 1632 3294 sententia
1677 3257 1720 3294 et
1750 3252 1927 3298 iudicio>
1944 3252 2076 3293 fuerit
2104 3256 2259 3305 rogata

0 3313 4 3317 λ
177 3324 301 3375 haec,
332 3324 568 3377 inquimus,
601 3324 740 3376 „libro
771 3324 948 3366 evoluto
980 3330 1023 3366 et
1052 3326 1207 3380 spiritu
1237 3326 1433 3367 veritatis
1455 3326 1638 3366 solemni
1661 3326 1749 3366 ritu
1773 3328 1980 3378 evocato„
2020 3324 2259 3365 declaravit

182 3398 348 3448 „totum
380 3395 556 3449 quidem
585 3396 710 3437 illum
732 3396 871 3437 veluti
892 3397 1174 3450 haereticum,
1208 3396 1547 3449 schismaticum,
1578 3397 1883 3438 scandalosum
1917 3410 1970 3438 ac
2001 3397 2258 3438 seditiosum

176 3468 441 3510 abolendum
474 3472 517 3510 et
547 3468 899 3522 extirpandumz„
933 3471 988 3513 cf.
1022 3471 1095 3510 Du
1125 3471 1289 3512 Plessis
1321 3472 1368 3511 in
1399 3471 1570 3513 collect.
1600 3471 1804 3512 iudicior.
1838 3470 1891 3510 de
1921 3469 2047 3510 novis
2076 3469 2256 3512 errorib.

176 3544 209 3583 t.
241 3540 323 3583 111.
353 3554 396 3594 p.
427 3540 486 3584 II.
519 3539 641 3580 Idem
671 3541 784 3581 liber
815 3541 991 3582 decreto
1023 3542 1110 3583 diei
1140 3541 1180 3584 2.
1213 3544 1423 3586 Decemb.
1458 3542 1586 3585 1617.
1618 3544 1700 3585 fuit
1732 3556 1787 3596 „a
1817 3546 1971 3584 sancta
2001 3541 2104 3582 sede
2135 3540 2256 3582 dam-

174 3616 303 3654 natus
333 3613 680 3667 reprobatusque
711 3627 738 3654 a
770 3626 854 3666 quo
885 3614 1106 3667 prodierat
1136 3619 1328 3657 auctore.
1360 3616 1403 3655 Is
1435 3617 1551 3656 enim
1582 3629 1638 3656 ex
1668 3615 1841 3669 Anglia,
1874 3627 1961 3668 quo
1986 3613 2255 3667 confugerat,

174 3685 358 3726 Romam
390 3698 592 3726 reversus
625 3682 752 3728 1622.
787 3699 889 3727 suos
921 3687 1106 3728 eiuravit
1137 3700 1304 3728 errores
1335 3687 1599 3740 veniamque
1621 3688 1706 3728 sibi
1726 3688 1772 3727 in
1791 3687 1968 3741 publico
2001 3687 2257 3729 consistorio

177 3756 437 3811 deprecatus
468 3761 555 3813 est3
592 3771 857 3811 quamquam
887 3758 1036 3812 paullo
1067 3762 1178 3812 post,
1210 3762 1259 3799 ut
1289 3758 1486 3799 homines
1524 3759 1667 3800 solent
1695 3758 1826 3800 huius
1858 3759 2030 3813 generis
2061 3763 2105 3800 et
2134 3759 2256 3813 inge-

176 3829 251 3881 nii,
283 3843 371 3870 non
400 3830 521 3872 leves
571 3830 624 3871 de
670 3843 749 3871 sua
797 3830 933 3871 dubia
963 3829 1048 3871 fide
1081 3830 1351 3884 suspiciones
1382 3831 1658 3885 ingesserit„
1691 3831 1758 3871 Ita
1791 3829 1868 3872 SS.
1901 3831 1958 3874 D.
1989 3831 2046 3874 N.
2078 3831 2148 3872 Pii
2177 3830 2252 3873 vl.

174 3913 368 3955 respons.
399 3901 428 3943 1.
462 3915 499 3943 c.
530 3915 605 3956 pp.
643 3899 735 3945 184.
769 3915 864 3956 sqq.

1902 3989 1956 4032 13
