2626 4432
998 145 1446 240 --334-x

285 355 371 407 42.
399 353 528 405 Post
555 353 702 413 haec,
732 366 870 418 quae
894 347 1147 416 negantia
1175 345 1352 415 potius
1378 350 1514 411 sunt,
1545 342 1752 411 quaerit
1778 341 2042 410 BecanuS,
2084 341 2229 410 quod

143 449 211 501 sit
251 446 482 501 officium
525 445 822 514 principum
862 443 1145 512 positivum
1186 440 1255 493 ad
1283 439 1567 493 ecclesiam
1606 437 1748 505 quod
1794 437 2006 489 attinet:
2060 436 2231 504 „Quid

142 555 277 608 ergo
317 539 513 592 facient
554 554 714 605 reges
751 538 895 592 circa
934 537 1219 590 ecclesiam
1260 551 1325 588 ac
1360 533 1703 601 religionem,
1752 531 1796 582 si
1835 547 2009 598 neque
2050 546 2230 583 curam

142 634 284 686 illius
342 632 554 685 Omnino
607 632 861 700 rejicere,
912 646 1017 683 nec
1062 630 1221 683 etiam
1258 629 1560 680 libertatem
1597 624 1880 693 indulgere
1920 631 2145 692 possunt
2167 624 2229 692 2„

142 727 552 781 Dicam'verbO.
627 724 838 779 Debent
883 724 1026 776 illam
1081 725 1218 776 tueri
1270 738 1335 776 ac
1375 720 1698 773 defendere:
1752 735 1860 773 non
1905 725 1986 772 ut.
2009 718 2232 784 Domini,

144 821 244 874 sed
282 827 340 873 ut
377 819 625 872 ministri:
661 834 837 884 neque
875 823 932 870 ut
963 817 1205 886 judiceS,
1243 816 1340 870 sed
1378 822 1437 869 ut
1474 819 1878 882 exsequutores,
1954 813 2072 866 Hoc
2109 813 2232 865 olim

144 915 389 968 fecerunt
427 911 1038 985 christianiprincipes:
1078 910 1181 963 hoc
1218 913 1389 964 verbo
1430 909 1610 962 testati
1661 914 1799 961 sunt.
1876 905 2105 959 Carolus
2145 906 2232 973 Μ,
2252 913 2432 951 carolus
2462 913 2521 948 M·

144 1014 204 1062 ut
234 1007 371 1060 alios
423 1005 659 1058 omittam
710 1003 854 1072 apud
899 1001 1180 1079 Sigonium
1221 1004 1253 1056 l.
1293 1002 1387 1055 1V.
1445 1002 1513 1054 de
1562 1016 1737 1069 regno
1778 1001 1964 1054 ltaliae
2019 1000 2097 1053 sic
2135 999 2232 1051 ait:

145 1099 239 1171 „Si
282 1099 630 1153 ecclesiarum
679 1097 780 1150 Dei
838 1097 1013 1149 servis
1073 1095 1522 1164 magnificentiam
1585 1100 1822 1147 nostram
1886 1093 2234 1162 impertimuS,

142 1209 433 1260 eorumque
473 1191 661 1245 studiis
700 1191 930 1244 libenter
970 1192 1340 1258 obsequimur,
1391 1190 1445 1242 id
1497 1189 1653 1242 nobis
1691 1188 1762 1241 ad
1802 1187 2098 1255 augustalis
2139 1204 2235 1238 ex-

118 1287 451 1341 cellentiae·
484 1286 691 1339 culmen
743 1284 1009 1353 proficere
1065 1286 1479 1355 credimuS.„...
1554 1283 1702 1339 Idem
1751 1281 1981 1336 Carolus
2037 1298 2153 1335 cum
2205 1299 2235 1335 a

140 1379 328 1436 Leone
375 1379 525 1448 Papa
556 1394 829 1432 coronam
883 1380 1092 1447 imperii
1147 1381 1387 1449 accepit,
1440 1379 1544 1432 hac
1597 1377 1828 1431 formula
1879 1375 2237 1446 jurisjurandi

142 1491 270 1529 usus
306 1480 417 1547 est:
471 1474 561 1542 „In
602 1473 812 1526 nomine
851 1472 1050 1527 Christi
1095 1470 1340 1542 spondeo
1381 1480 1542 1541 atque
1580 1472 1846 1542 polliceor
1893 1486 1998 1540 ego
2036 1471 2100 1525 N.
2139 1472 2237 1523 im-

143 1575 367 1640 perator
405 1582 585 1622 coram
625 1568 740 1621 Deo
781 1574 835 1619 et
875 1570 921 1621 b.
954 1567 1120 1621 Petro
1158 1566 1459 1636 Apost010,
1516 1584 1598 1620 me
1637 1571 2004 1636 protectorem
2037 1582 2103 1619 ac
2140 1565 2235 1617 de-

145 1665 416 1718 fensorem
454 1662 574 1715 fore
612 1661 772 1730 hujus
811 1667 1031 1714 sanctae
1082 1677 1337 1716 romanae
1382 1662 1650 1716 ecclesiae
1687 1662 1739 1713 in
1789 1661 2067 1727 omnibuS,
2105 1677 2239 1728 qua-

146 1765 299 1811 tenus
338 1757 518 1810 divino
558 1755 721 1809 fultus
751 1772 866 1808 sum
894 1756 1180 1825 adjutoriO,
1221 1764 1381 1826 prout
1420 1757 1597 1810 sciero
1622 1761 1973 1825 poteroque„
2017 1752 2239 1822 (Refert

145 1853 331 1922 Sigon.
370 1853 416 1905 1.·
445 1849 525 1920 c.)
563 1850 739 1903 Etiam
777 1850 984 1920 pridem
1026 1867 1123 1903 usu
1147 1859 1424 1920 receptum
1460 1857 1543 1904 est
1580 1851 1635 1902 in
1660 1849 1919 1918 Francia,
1961 1849 2238 1918 Hispania,
2317 1912 2326 1919 .

144 1947 375 2016 Anglia,
412 1947 665 2014 Polonia‚
706 1946 1008 2014 Hungaria,
1049 1952 1106 1999 ut
1144 1946 1300 1998 simili
1331 1945 1643 2014 juramento
1682 1945 2022 2013 obstringant
2054 1959 2114 1996 se
2151 1942 2239 1997 re-

145 2040 269 2111 ges,
324 2047 379 2095 et
426 2041 733 2094 nominatim
773 2041 1114 2109 promittant,
1174 2040 1494 2093 defensuros
1544 2056 1604 2093 50
1652 2041 1940 2095 ecclesiam
1993 2055 2060 2093 ac
2112 2040 2239 2092 reli-

146 2119 388 2204 gionem,
450 2135 672 2202 eiusque
726 2135 986 2202 praelatis
1035 2134 1268 2188 debitam
1319 2135 1681 2187 reverentiam
1731 2140 1786 2187 et
1848 2133 2240 2203 subjectionem

146 2228 520 2298 praestituros,
595 2227 784 2295 Neque
815 2228 922 2284 hoc
962 2228 1249 2295 quidquam
1281 2229 1513 2295 derogat
1537 2229 1776 2297 ipsorum
1809 2228 2095 2297 majestati,
2133 2228 2239 2281 imo

147 2321 598 2391 perhonorificum
639 2327 736 2374 est.
810 2321 981 2376 Recte
1020 2320 1342 2376 Ambrosius
1383 2319 1500 2390 (ep.
1541 2319 1656 2390 32.)
1698 2322 1768 2375 ad
1807 2320 2237 2376 Valentinianum
2256 2341 2515 2376 Ambrosius.

139 2415 441 2486 juniorem:
506 2414 676 2484 „Quid
715 2422 812 2483 est,
862 2416 1060 2484 inquit,
1115 2415 1588 2483 honorificentiuS,
1645 2433 1801 2483 quam
1850 2422 1908 2468 ut
1944 2417 2238 2484 imperator
2599 2401 2606 2406 ⁶

115 2529 117 2531 ¹
148 2509 358 2562 dicatur
388 2503 528 2561 filius
568 2508 878 2563 ecclesiae?
916 2510 1216 2579 Imperator
1256 2510 1393 2561 enim
1432 2511 1605 2563 bonus
1644 2510 1783 2562 intra
1808 2510 2092 2563 ecclesiam
2131 2525 2237 2563 non

148 2619 312 2674 supra
368 2588 654 2657 ecclesiam
701 2610 831 2673 est„
909 2604 979 2657 Et
1030 2604 1400 2660 Theodoricus
1455 2605 1643 2657 Italiae
1698 2622 1796 2658 rex
1854 2604 1923 2656 ad
1971 2605 2237 2658 Joannem
2259 2626 2554 2662 Theudoricus.

104 2734 106 2738 f
147 2697 490 2751 Pontificem:
548 2696 712 2766 „Sum
752 2698 965 2766 quidem
999 2698 1171 2768 judex
1209 2700 1505 2769 palatinuS,
1558 2699 1652 2752 sed
1692 2705 1881 2752 vester
1935 2715 2041 2752 non
2096 2700 2238 2753 desi-

148 2808 269 2844 nam
309 2806 430 2843 esse
470 2791 777 2860 discipulus,
851 2792 988 2845 Nam
1028 2799 1153 2846 tunc
1201 2794 1304 2845 ista
1355 2801 1504 2847 recte
1542 2793 1804 2862 ge*rimuS‚
1865 2793 1911 2844 si
1964 2811 1996 2846 a
2043 2795 2239 2846 vestris

86 2886 95 2896 ⁴
148 2887 353 2955 regulis
392 2887 601 2939 minime
641 2886 1028 2956 discedamus„
1106 2887 1228 2941 Non
1258 2889 1348 2941 ibo
1385 2889 1599 2957 longius
1637 2890 1690 2940 in
1742 2889 1847 2942 hoc
1880 2905 2110 2956 genere:
2166 2889 2242 2942 ita

147 2979 396 3036 Becanus
429 2980 705 3033 concludit
719 2999 734 3048 3
781 2997 882 3034 nec
919 2997 1019 3034 nos
1059 2982 1148 3034 diu
1188 2983 1402 3050 longius
1440 2983 1663 3036 ibimus:
1714 2983 1857 3036 foret
1906 2989 2083 3036 tamen
2123 2984 2240 3053 pia-

150 3075 325 3128 culum
373 3075 723 3143 praeteriisse
785 3091 923 3143 quae
971 3060 1304 3145 'graecorum
1358 3078 1737 3149 theologorum
1791 3080 2050 3132 maximus
2105 3078 2242 3132 Gre-

150 3353 253 3412 Ego
283 3354 402 3399 enim
432 3356 589 3412 patiar
621 3358 745 3414 quod
776 3357 1007 3415 episcopi:
1051 3361 1100 3402 tu
1124 3357 1271 3403 facies
1304 3359 1429 3416 quod
1461 3359 1738 3417 spadones„
1801 3359 1955 3417 Digna
1985 3359 2238 3404 Ambrosio

154 3427 414 3483 responsio.
476 3428 572 3473 Sed
600 3429 685 3473 illa
715 3443 810 3474 non
839 3431 988 3475 minus
1021 3431 1192 3489 digna,
1227 3446 1363 3490 quam
1394 3434 1440 3476 in
1472 3433 1670 3491 geminis
1703 3432 1841 3490 plane
1873 3433 2110 3491 adjunctis
2135 3432 2239 3478 Gai-

152 3498 391 3543 nae-duci
431 3501 557 3545 dedit
596 3502 973 3560 Chrysostomus.
1041 3505 1178 3561 „Rem
1221 3510 1405 3563 gestam
1446 3506 1538 3563 (ita
1579 3506 1749 3550 ibidem
1790 3506 2025 3562 Becanus)
2074 3506 2239 3550 scribit
2268 3525 2603 3569 chrysostomus,

153 3572 477 3617 Theodoretus
523 3573 554 3615 l.
585 3574 639 3618 V.
673 3588 711 3619 c.
743 3577 813 3620 33.
890 3577 980 3622 Iste
1014 3578 1241 3634 (Gainas)
1275 3578 1382 3621 labe
1421 3590 1643 3635 aspersus
1677 3578 1841 3622 ariana
1870 3579 2146 3636 postulabat
2177 3579 2236 3622 ab

153 3644 437 3702 imperatore
474 3660 611 3691 unum
654 3660 710 3691 ex
753 3649 901 3693 sacris
933 3651 1119 3707 templis
1150 3651 1241 3694 sibi
1273 3650 1470 3695 dari....
1527 3651 1644 3696 Orat
1683 3651 1968 3708 (imperator
2008 3652 2237 3695 Joannem

152 3719 564 3776 Chrysostomum)
597 3723 647 3764 ut
680 3722 853 3778 templo
886 3723 1060 3767 donato
1092 3723 1325 3768 furentem
1355 3724 1481 3767 illius
1507 3722 1705 3768 animam
1728 3725 1899 3781 placet.
1948 3724 2035 3769 Cui
2064 3722 2237 3768 nobilis

152 3791 234 3834 ille
265 3793 366 3835 vir:
401 3793 495 3848 Ne,
528 3793 696 3850 inquit,
730 3795 856 3838 istud
886 3795 955 3839 illi
989 3796 1266 3852 polliceare,
1311 3810 1460 3854 neque
1492 3801 1704 3842 sanctum
1743 3797 1856 3840 dare
1888 3797 2078 3840 canibus
2110 3811 2236 3841 man-

153 3865 248 3909 des.
294 3866 413 3910 Nam
441 3879 670 3923 nunquam
704 3867 911 3924 equidem
949 3869 1130 3925 patiar,
1169 3874 1220 3914 ut
1262 3870 1340 3927 qui
1369 3872 1512 3915 Deum
1553 3885 1715 3916 verum
1747 3874 1908 3916 sancte
1950 3875 1997 3916 et
2037 3877 2234 3930 auguste

152 3936 366 3982 laudibus
397 3942 444 3982 et
474 3939 656 3997 hymnis
689 3940 952 3997 celebrant,
995 3943 1290 3999 expellantur
1322 3957 1348 3987 e
1380 3957 1519 3990 sacro
1553 3945 1729 4002 templo
1761 3945 1971 4002 idemque
2003 3945 2238 3990 tribuatur

152 4008 247 4066 his,
271 4006 359 4067 ‘qui
392 4015 558 4057 contra
590 4026 692 4057 eum
722 4013 973 4071 loquuntur
1004 4015 1319 4074 blasphemias
1341 4052 1349 4062 .
1369 4051 1378 4061 .
1397 4051 1435 4077 .„
1492 4020 1562 4064 Ita
1592 4019 1679 4062 illi.

1857 4097 1889 4150 3
