2716 4446
1040 209 1373 276 -159-

333 361 382 425 3.
405 363 860 440 quemadmodum
879 362 1030 428 nihil,
1052 361 1196 434 quod
1227 361 1295 414 ad
1317 361 1534 415 domum
1559 354 1707 412 illam
1730 364 1953 430 spectet,
1976 355 2122 411 Petri
2142 376 2235 429 po-

157 462 390 532 testati1)
432 460 779 526 subtrahitur,
818 477 1007 511 verum
1046 457 1225 510 eidem
1262 457 1442 526 potius
1471 453 1769 521 subiicitur,
1799 451 2064 524 quidquid
2090 451 2236 504 illius

156 563 269 626 est;
309 557 387 608 ita
425 555 709 623 potestatis
749 551 991 604 eiusdem
1031 569 1190 604 usum
1228 548 1660 618 exercitiumque
1687 567 1719 600 a
1745 547 1905 601 Petro
1932 546 2235 617 profectum

156 647 383 703 coelitus
409 646 453 716 2)
492 645 560 698 iri
598 653 775 698 ratum
812 644 1210 715 probatumque
1249 663 1283 695 a
1323 642 1540 695 Christo
1581 641 1912 712 praefinitur.
1953 640 2018 694 Id
2055 646 2236 692 autem

157 741 346 795 iudicii
382 738 527 792 illius
566 737 1017 792 irreformabilem
1057 739 1167 791 vim
1227 738 1601 808 rationemque
1659 735 1840 789 dicere
1899 742 1954 788 et
1992 734 2233 805 exigere,

153 854 314 890 nemo
356 852 520 888 sanus
558 833 768 886 inficias
808 832 923 886 ibit.

327 951 447 1004 174.
475 950 591 1003 Iam
629 968 758 1003 vero
798 947 933 1001 nihil
959 948 1126 1018 prius,
1154 946 1290 1000 nihil
1316 947 1692 1018 propinquius,
1718 944 2072 1017 principalius
2098 943 2234 998 nihil

153 1046 212 1098 in
249 1044 407 1098 domo
446 1042 543 1096 illa
581 1043 899 1113 concipitur,
939 1059 1102 1113 quam
1156 1040 1292 1093 fides
1333 1059 1441 1111 qua
1498 1040 1660 1093 corde
1700 1039 1938 1092 creditur
1975 1039 2045 1092 ad
2082 1038 2233 1091 iusti-

153 1141 300 1208 tiam,
358 1148 520 1211 atque
578 1137 843 1210 professio
906 1154 1045 1207 quae
1104 1153 1195 1188 ore
1253 1134 1313 1186 fit
1369 1134 1439 1187 ad
1492 1133 1736 1189 salutem.
1797 1132 1979 1199 Quare
2036 1133 2234 1186 iterum

154 1233 268 1287 Leo
306 1233 380 1286 M.
421 1239 518 1300 est,
559 1232 652 1303 qui
677 1230 748 1283 ad
773 1228 1024 1283 collatam
1051 1227 1289 1281 clavium
1314 1233 1637 1297 potestatem
1666 1225 1858 1278 eadem
1895 1225 2171 1296 protendit
2186 1225 2232 1297 ³)
2351 1239 2420 1271 Leo
2436 1239 2484 1273 ιι.

156 1345 296 1398 quae
334 1326 401 1380 de
439 1326 581 1379 iacto
619 1324 749 1377 fidei
786 1323 1138 1376 fundamento
1178 1321 1247 1374 ab
1304 1320 1495 1374 eodem
1536 1320 1871 1390 excepimus,
1935 1317 2047 1371 Ubi
2083 1337 2232 1374 nam-

155 1438 262 1492 que
296 1419 364 1473 de
396 1419 500 1472 hoc
536 1418 846 1490 praemisit:
890 1417 1102 1488 „Super
1139 1415 1296 1484 hanc,
1326 1415 1518 1486 inquit,
1554 1413 1927 1467 fortitudinem
1954 1420 2233 1466 aeternum

155 1520 405 1580 extruam
442 1511 724 1584 templum,
782 1519 836 1565 et
894 1510 1159 1564 ecclesiae
1216 1528 1371 1563 meae
1412 1508 1564 1562 coelo
1604 1507 1890 1561 inferenda
1929 1506 2235 1560 sublimitas

155 1760 246 1801 siae
275 1759 398 1800 iuxta
426 1760 604 1801 modum
636 1759 863 1813 culparum
894 1759 966 1800 vel
997 1758 1292 1813 poenitentiae
1324 1757 1491 1812 ligandi
1521 1770 1575 1798 ac
1596 1756 1796 1798 solvendi
1827 1755 1955 1797 datur
1984 1756 2236 1799 auctoritas.

156 1830 245 1872 Sed
273 1830 372 1872 ideo
403 1831 557 1872 beatus
587 1831 758 1883 Petrus,
791 1831 867 1884 qui
899 1830 1121 1871 Christum
1151 1843 1257 1871 vera
1286 1829 1371 1870 fide
1404 1829 1646 1881 confessus,
1677 1842 1782 1869 vero
1815 1833 1882 1870 est
1910 1842 2058 1870 amore
2080 1842 2238 1883 sequu-

154 1907 240 1957 tus,
272 1902 520 1957 specialiter
552 1903 699 1944 claves
730 1904 856 1957 regni
888 1903 1109 1944 coelorum
1137 1907 1180 1943 et
1202 1903 1496 1956 principatum
1525 1902 1780 1943 iudiciariae
1800 1902 2026 1955 potestatis
2055 1904 2239 1955 accepit,

157 1982 208 2019 ut
237 1991 388 2020 omnes
418 1992 497 2032 per
541 1979 694 2020 orbem
739 1977 966 2019 credentes
1011 1978 1272 2031 intelligant,
1322 1977 1426 2030 quia
1471 1977 1722 2030 quicunque
1753 1976 1808 2016 ab
1839 1976 2007 2017 unitate
2037 1975 2140 2017 fidei
2169 1976 2241 2016 vel

159 2051 381 2093 societatis
411 2051 528 2100 illius
561 2051 756 2105 quolibet
785 2050 914 2091 modo
955 2054 1093 2092 semet
1132 2051 1252 2105 ipsos
1287 2054 1536 2103 segregant,
1569 2049 1679 2089 tales
1710 2061 1792 2089 nec
1821 2048 2010 2089 vinculis
2038 2051 2239 2101 peccato-

159 2136 256 2165 rum
286 2123 469 2176 absolvi,
501 2137 583 2165 nec
611 2124 791 2165 ianuam
820 2124 991 2177 possint
1019 2124 1146 2178 regni
1177 2123 1379 2164 coelestis
1399 2122 1617 2177 ingredi.„
1652 2121 1820 2162 Similia
1840 2121 2000 2162 scribit
2019 2121 2066 2160 in
2084 2119 2239 2161 Matth.

160 2209 198 2238 c.
229 2196 349 2238 XVI.
382 2196 568 2250 exposit.
601 2196 631 2239 l.
662 2196 745 2239 111.
777 2196 881 2239 ibid.
914 2210 988 2250 pp.
1022 2195 1092 2240 78.
1125 2209 1190 2250 sq.

337 2265 371 2323 ¹)
403 2269 471 2309 De
501 2272 624 2309 tanta
652 2268 772 2309 Petri
815 2272 1034 2322 potestate
1079 2269 1256 2322 plenam
1304 2269 1448 2310 cordis
1479 2268 1609 2309 fidem
1638 2271 1905 2321 protestatur
1936 2281 1972 2311 s.
2005 2266 2240 2309 Anselmus
2326 2279 2523 2315 Amezmue.

159 2344 269 2384 orat.
300 2340 459 2384 LXIV.
492 2340 566 2395 (al.
600 2338 688 2395 63.)
719 2340 777 2381 ad
807 2354 844 2385 s.
867 2341 1045 2382 Petrum
1067 2341 1328 2395 Apostolum
1351 2341 1615 2395 deprecans:
1648 2340 1841 2393 „Sancte
1862 2345 1907 2381 et
1926 2341 2240 2394 benignissime

156 2413 300 2465 Petre,
333 2413 473 2455 fidelis
503 2418 655 2467 pastor
685 2413 832 2455 ovium
862 2414 962 2466 Dei,
991 2414 1196 2467 princeps
1228 2413 1553 2467 Apostolorum,
1585 2414 1787 2466 princeps
1829 2416 2048 2453 tantorum
2079 2413 2238 2466 princi-

156 2498 276 2540 pum,
307 2486 382 2539 qui
410 2485 523 2540 ligas
568 2490 612 2527 et
657 2485 791 2526 solvis
838 2485 955 2539 quod
1000 2486 1082 2537 vis,
1131 2486 1206 2538 qui
1251 2498 1381 2526 sanas
1427 2489 1471 2526 et
1511 2485 1748 2526 resuscitas
1781 2498 1911 2538 quem
1941 2485 2023 2538 vis,
2056 2486 2131 2539 qui
2162 2485 2240 2526 das

158 2571 345 2612 regnum
376 2558 596 2600 coelorum
628 2559 700 2599 cui
729 2559 819 2599 vis:
853 2571 1011 2612 magne
1042 2559 1185 2611 Petre,
1217 2571 1376 2611 magne
1407 2562 1472 2598 tot
1512 2562 1557 2598 et
1598 2559 1732 2599 tantis
1763 2558 1889 2598 donis
1920 2557 2068 2611 ditate,
2101 2562 2164 2599 tot
2196 2562 2241 2598 et

159 2631 291 2672 tantis
322 2631 606 2685 dignitatibus
637 2631 869 2672 sublimate
901 2663 913 2674 .
946 2662 956 2671 .
990 2661 1000 2672 .
1033 2623 1214 2684 respice*
1235 2632 1455 2672 commissi
1485 2632 1565 2672 tibi
1596 2632 1744 2685 gregis
1776 2645 1947 2685 ovem.„

334 2703 368 2758 2>
402 2703 501 2745 Huc
529 2704 661 2758 plane
691 2704 858 2744 faciunt
889 2717 912 2744 e
935 2717 1135 2745 sermone
1154 2703 1365 2757 Stephani
1386 2703 1583 2745 dorensis
1613 2705 1811 2758 episcopi
1840 2705 1886 2745 in
1918 2706 2102 2746 concilio
2132 2718 2238 2747 rom.
2255 2714 2576 2755 scaphamdorens.

161 2776 242 2818 sub
272 2775 462 2816 Martino
493 2777 526 2818 1.
559 2776 709 2817 habito
739 2790 810 2830 ap.
842 2776 1059 2819 Harduin.
1093 2780 1122 2819 t.
1140 2777 1223 2819 III.
1254 2791 1326 2830 pp.
1359 2774 1462 2819 711.
1486 2790 1581 2831 sqq.
1613 2774 1868 2832 Προδήλως
1900 2772 1954 2817 οὐ
1986 2776 2127 2825 μόνον
2157 2774 2242 2821 τοὶς·

161 2848 274 2891 κλεῖς
301 2846 383 2902 τῆς·
412 2848 499 2890 τῶν
532 2844 735 2906 οὐρανῶν
764 2847 1076 2902 πιστευθῆναι
1106 2846 1245 2897 μόνος
1275 2845 1407 2905 παρὰ
1438 2847 1619 2893 πάντας
1651 2847 1713 2892 εἰς·
1742 2845 1797 2889 τό
1833 2844 2034 2900 ἀνοίγειν
2064 2849 2242 2894 ταύτας

162 2919 239 2961 καὶ
269 2919 423 2962 κλείειν
454 2917 593 2966 οἴξίως·
621 2922 700 2970 μὲν
731 2924 830 2965 τοῖς·
859 2909 1167 2970 πιστεύουσιν,
1201 2920 1382 2964 ἐκδίκως·
1413 2921 1464 2961 δὲ
1496 2925 1594 2965 τοῖς
1626 2917 1876 2963 ἀπιστοῦσι
1906 2921 1970 2976 τῷ
2001 2918 2240 2978 εὐαγγελίῳ

161 2993 241 3047 τῆς
270 2991 478 3050 χάριτος,
512 2990 540 3034 o‘
570 2995 708 3044 μέγας
738 2990 918 3048 ἀληθῶς
959 2993 1036 3034 καὶ
1076 2997 1326 3050 κορυφαῖος
1370 2994 1459 3035 τῶν
1504 2990 1772 3035 ἀποστόλων
1812 2990 2006 3048 ἠξίωται
2046 2996 2239 3051 Πέτρος.

163 3059 258 3104 ἀλλ’
299 3060 376 3105 ὅτι
415 3065 490 3105 καὶ
529 3064 789 3115 ποιμαίνειν
828 3064 1009 3122 πρῶτος
1053 3064 1287 3123 ἐπετράπη
1335 3064 1396 3107 τοὶ
1435 3065 1658 3124 πρόβατα
1703 3051 1852 3122 πάσης·
1881 3067 1963 3121 τῆς
1993 3068 2243 3122 καθολικῆς

165 3134 406 3190 ἐκκλησίας.
436 3136 583 3193 Πέτρε
604 3135 707 3194 γάρ,
732 3151 852 3192 φησι,
876 3139 1012 3186 φιλεῖς·
1031 3151 1108 3188 με;
1142 3138 1358 3188 ποίμαινε
1381 3136 1443 3180 τοὶ
1463 3138 1687 3197 πρόβατά
1709 3155 1811 3189 μου.
1835 3140 1910 3181 καὶ
1929 3142 2086 3189 μέντοι
2103 3122 2267 3181 πάλιν,

165 3204 261 3249 κατ’
309 3207 541 3265 ἐξαίρετον
587 3208 936 3268 ἰδιοπροσώπως
981 3208 1125 3256 αὐτὸς
1163 3214 1468 3270 βεβαιοτέραν
1511 3215 1622 3263 ἔχων
1670 3209 1786 3271 ὑπὲρ
1834 3211 2014 3256 πάντας
2056 3209 2139 3267 τήν
2180 3210 2242 3256 εἰς·

166 3275 308 3322 αὐτὸν
338 3276 422 3321 τόν
452 3278 607 3337 κύριον
637 3277 758 3337 ἡμῶν
788 3284 865 3323 καὶ
896 3279 1244 3340 ἀμετάτρεπτον
1275 3283 1445 3336 πίστιν,
1478 3285 1761 3340 ἐπιστρέψειν
1791 3285 1905 3326 ποτὲ
1936 3285 2013 3325 καὶ
2044 3281 2240 3339 ἀποστη-

165 3350 306 3409 ρίζειν
338 3353 661 3401 σαλευομένους·
699 3350 810 3398 τούς
850 3350 1092 3407 ὁμοταγεῖς·
1132 3351 1258 3411 αὐτῷ
1289 3357 1366 3398 καὶ
1403 3354 1738 3406 πνευματικούς
1769 3354 2018 3405 daemoes:
2051 3359 2244 3412 „Aperta

163 3425 467 3466 lucubratione
498 3439 586 3466 non
615 3427 757 3467 solum
787 3427 934 3469 claves
964 3430 1091 3483 regni
1122 3431 1342 3471 coelorum
1373 3431 1563 3472 creditae
1596 3419 1697 3472 sunt
1715 3432 1769 3483 ei,
1786 3436 1918 3485 atque
1933 3431 2030 3484 ipse
2051 3434 2241 3471 tantum-

166 3496 296 3537 modo
325 3496 382 3537 ad
411 3498 693 3552 aperiendum
725 3513 799 3540 eas
830 3500 1031 3542 fidelibus
1063 3502 1240 3556 quidem
1271 3503 1416 3558 digne,
1446 3505 1625 3545 minime
1646 3508 1791 3546 autem
1814 3504 2044 3558 evangelio
2075 3505 2242 3559 gratiae

166 3568 443 3611 credentibus
471 3571 586 3612 iuste
616 3571 819 3615 claudere
859 3587 1044 3628 magnus
1075 3575 1315 3617 secundum
1344 3577 1573 3619 veritatem
1619 3581 1663 3618 et
1701 3577 1904 3631 princeps
1934 3575 2242 3631 Apostolorum

165 3642 323 3683 meruit
350 3641 530 3686 Petrus:
561 3642 637 3685 sed
667 3644 799 3686 etiam
831 3650 875 3687 et
903 3660 1083 3701 pascere
1122 3648 1291 3702 primus
1335 3649 1480 3691 iussus
1511 3653 1578 3691 est
1608 3663 1714 3691 oves
1745 3649 1986 3691 catholicae
2016 3649 2241 3702 ecclesiae,

166 3725 265 3755 cum
281 3713 496 3755 Dominus
512 3713 636 3756 dixit:
670 3715 801 3758 Petre
819 3730 941 3760 amas
956 3720 1055 3761 me?
1084 3720 1223 3762 Pasce
1240 3733 1344 3763 oves
1371 3734 1507 3766 meas.
1538 3722 1598 3763 Et
1626 3722 1784 3764 iterum
1799 3721 1894 3776 ipse
1923 3722 2159 3776 praecipue
2189 3735 2242 3763 ac

165 3786 412 3840 specialiter
432 3786 601 3829 firmam
618 3801 723 3842 prae
745 3790 946 3843 omnibus
966 3791 1133 3834 habens
1154 3793 1201 3834 in
1215 3794 1455 3836 Dominum
1474 3795 1620 3836 Deum
1645 3798 1842 3836 nostrum
1865 3797 1908 3835 et
1926 3794 2242 3835 immutabilem

166 3858 309 3913 fidem,
347 3866 600 3905 convertere
637 3864 875 3919 aliquando
906 3869 951 3908 et
980 3866 1237 3910 confirmare
1264 3868 1508 3923 exagitatos
1546 3871 1771 3910 consortes
1798 3879 1901 3909 suos
1935 3869 1980 3908 et
2022 3865 2240 3922 spiritales

165 3933 324 3975 meruit
350 3933 550 3989 fratres.„

341 4009 380 4067 ⁸)
413 4011 553 4060 Serm.
583 4011 662 4059 1v.
694 4012 768 4070 (al.
798 4012 860 4070 3.)
891 4026 955 4057 cc.
985 4012 1027 4058 2.
1060 4026 1125 4071 sq.
