2716 4446
1162 55 1201 98 ὃ

548 256 905 313 Pontifex.

147 346 378 391 Romani
416 347 724 390 Pontificis
753 347 911 403 triplex
940 351 1065 398 ordo.
1094 352 1146 398 T.
1176 353 1235 400 Π.
1265 369 1310 410 Ρ.

750 419 850 465 166.

746 567 828 609 lari
868 567 1116 615 discrimen.
1157 571 1208 615 Τ.
1246 572 1304 614 ΙΙ.

744 653 788 694 Ρ.
819 638 917 684 168.

743 725 830 755 vox
868 725 956 755 vox
994 702 1111 757 vitae
1151 717 1303 759 salutis

746 772 799 827 ac
829 787 1116 830 necessitatis.
1157 789 1210 831 Τ.
1240 789 1300 835 Π.

743 869 787 911 Ρ.
818 854 922 902 262.

740 942 828 970 vox
857 943 945 972 vox
972 932 1191 986 perfectae
1212 936 1301 977 ius-

740 1002 877 1047 titiae.
920 1003 972 1048 T.
1003 1004 1064 1050 Π.
1094 1020 1138 1060 p.
1169 1005 1270 1050 262.

740 1075 956 1118 sententia
991 1076 1133 1118 forma
1174 1093 1300 1133 prae-

736 1146 1022 1204 formatioque
1035 1151 1299 1195 orthodoxae

739 1220 1039 1286 professionis.
1082 1224 1135 1269 T.
1165 1225 1223 1267 ΙΙ.
1254 1240 1295 1281 p.

739 1290 842 1337 301.

735 1365 908 1409 habitus
972 1368 1029 1410 ad
1097 1370 1296 1415 concilia.

732 1438 785 1483 T.
816 1439 878 1484 H.
908 1453 951 1494 p.
981 1439 1083 1486 295.

739 1512 921 1566 legifera
984 1516 1175 1566 potestas
1238 1516 1294 1557 ab

730 1598 875 1627 errore
946 1586 1084 1628 libera
1164 1592 1333 1643 atque.

731 1670 760 1698 a
826 1658 989 1700 scelere
1062 1673 1115 1702 ac
1186 1663 1292 1704 vitio

730 1731 934 1772 immunis
956 1731 1007 1772 T.
1030 1732 1087 1775 H.
1113 1747 1158 1788 p.
1188 1733 1289 1779 443.

729 1804 932 1858 regimini
998 1806 1178 1848 subesse
1247 1813 1291 1849 et

727 1876 904 1917 obedire
943 1928 948 1934 ,
984 1878 1115 1920 etiam
1181 1881 1288 1922 citra

724 1949 914 2003 synodos
978 1964 1031 1992 ac
1101 1953 1287 1994 concilia

724 2035 875 2064 omnes
957 2024 1004 2064 in
1081 2015 1312 2067 universa*

726 2095 911 2137 ecclesia
985 2096 1142 2139 debere
1211 2099 1284 2140 de·

728 2172 940 2210 monstrat
959 2169 1179 2212 Innocens
1202 2172 1281 2216 111.

725 2240 775 2285 T.
806 2240 865 2285 H.
895 2256 939 2296 p.
978 2241 1049 2287 81.

118 2311 398 2354 Pontifici
426 2313 502 2354 Ro
515 2326 667 2355 mano
709 2314 813 2367 quid
857 2315 1077 2368 agendum
1118 2317 1281 2360 dictare

235 2386 398 2426 nemini
428 2386 494 2427 fas
526 2390 606 2430 est.
639 2387 691 2430 T.
723 2387 782 2430 Π.
814 2400 855 2441 Ρ.
886 2385 987 2431 451.

117 2457 317 2500 Roman
330 2472 354 2499 o
366 2472 478 2500 rum
527 2473 556 2514 p
568 2473 631 2500 on
643 2459 861 2501 tificum
889 2461 1087 2503 instituta
1140 2464 1279 2505 invio-

233 2531 396 2575 labilia.
444 2531 495 2574 T.
525 2532 583 2575 11.
614 2547 657 2587 p.
689 2531 788 2577 395.
861 2521 865 2525 ’

118 2603 435 2645 Ecclesiastica
463 2605 618 2659 regula
647 2605 926 2648 interdictum
957 2611 1035 2659 est,
1067 2612 1116 2649 ut
1154 2622 1277 2662 prae-

231 2680 297 2717 ter
356 2678 614 2719 sententiam
673 2678 746 2719 Ro
758 2692 800 2719 m
812 2676 899 2720 ani
971 2680 1183 2722 Pontifi
1196 2696 1219 2723 c
1231 2683 1245 2722 i
1258 2697 1277 2724 s

231 2749 452 2803 quidpiam
483 2750 539 2791 ab
580 2749 776 2791 ecclesiis
821 2752 998 2805 regulae
1044 2754 1182 2795 instar
1225 2770 1277 2797 ac

230 2835 410 2863 normae
439 2827 766 2877 proponeretur.
800 2823 850 2867 T.
881 2824 939 2865 Π.
970 2839 1012 2878 Ρ.
1044 2824 1143 2870 259.

117 2881 365 2935 Discrimen
414 2896 527 2937 inter
574 2896 875 2938 Romanum
926 2897 1274 2942 Pontificem

227 2968 504 3022 privatasque
544 2982 767 3022 personaS.
810 2969 859 3012 T.
893 2970 952 3014 11.
983 2985 1026 3025 p.
1057 2970 1156 3014 307.

116 3038 314 3095 Capitale
344 3041 457 3082 inter
496 3042 796 3083 Romanum
833 3043 1180 3087 Pontificem
1231 3050 1275 3086 et

229 3114 458 3168 episcopos
488 3114 597 3156 alios
628 3114 873 3159 discrimen.
924 3116 978 3161 T.
1007 3117 1065 3158 ΙΙ.
1096 3132 1138 3172 p.
1169 3116 1270 3162 343.

527 3215 572 3267 P
587 3235 616 3269 o
632 3223 691 3269 te
708 3234 732 3269 s
746 3223 769 3269 t
783 3235 814 3269 a
825 3235 864 3270 s,

110 3302 373 3344 Potestas
403 3304 655 3358 temporalis
700 3318 727 3345 a
765 3308 978 3359 potestate
1019 3319 1144 3348 sacra
1182 3320 1270 3347 non

396 3379 463 3417 est
513 3363 752 3418 avellenda
815 3379 1145 3432 separandaque
1195 3380 1267 3432 ita,

394 3452 444 3490 ut
473 3449 613 3490 amico
643 3449 764 3490 nullo
806 3449 981 3491 foedere
1019 3451 1267 3506 iungantur.

396 3521 448 3566 Τ.
479 3520 510 3565 l.
541 3535 584 3576 p.
617 3520 683 3585 37.

224 3616 279 3623 -
395 3594 745 3648 temporalis.
802 3571 988 3636 Romani
1024 3596 1264 3641 Pontificis.

393 3665 1183 3725 T..,.Ip....43TIIp459sqq

222 3761 277 3768 —
396 3738 535 3780 civilis
565 3740 682 3781 sedis
711 3740 990 3795 Apostolicae
1026 3743 1262 3786 Romanae.

392 3810 443 3852 T.
476 3812 534 3855 11.
563 3826 608 3867 p.
640 3811 739 3858 139.

750 495 807 536 ab
859 495 1063 550 episcopo
1118 499 1307 552 particu-

1194 117 1608 185 -540-.·

1402 269 1439 311 P
1450 272 1541 312 ote
1554 284 1574 313 s
1584 274 1602 312 t
1612 284 1638 312 a
1650 285 1670 313 s
1691 284 1715 312 c
1726 284 1752 312 o
1765 283 1790 312 e
1800 284 1822 312 r
1834 267 1932 313 citi
1941 284 1971 313 v
1981 284 2008 312 a
2061 273 2282 326 pastorum
2333 270 2556 316 ecclesiae.

1450 404 1453 409 Ι
1578 388 1581 392 Γ
1664 352 1676 363 ·
1687 343 1741 388 T.
1771 344 1830 388 H.
1861 357 1903 399 p.
1938 341 2040 390 109.

1517 439 1571 448 -
1690 430 1715 458 o
1727 417 1756 458 b
1767 417 1783 458 l
1793 417 1807 458 i
1819 430 1849 471 g
1857 431 1883 459 a
1894 431 1923 458 n
1934 417 1988 459 di
2026 420 2073 460 in
2102 420 2379 464 conscientia.
2410 419 2476 464 T:
2491 419 2553 463 11.

1758 487 1857 538 109,

1511 587 1566 594 -
1682 504 1962 605 gwrdinis
2003 566 2047 605 et
2084 563 2324 618 regiminis.
2355 562 2551 617 Τ.Ῑ.Ρ.

1680 635 1780 680 119.

1508 732 1563 740 —
1680 722 1704 750 e
1717 723 1740 751 c
1749 723 1772 750 e
1784 708 1840 749 le
1843 721 1864 750 s
1872 709 1888 749 i
1898 722 1926 750 a
1937 721 1961 750 e
2010 722 2099 750 non
2128 721 2218 750 una
2267 709 2549 763 persuasione

1679 781 1939 826 continetur.
1970 781 2022 825 T.
2054 781 2112 822 11.
2142 796 2187 836 p.
2217 779 2319 826 443.

1506 875 1562 884 —
1675 867 1705 908 p
1717 867 1742 896 o
1753 868 1783 895 n
1793 854 1834 895 ti
1843 853 1886 895 fi
1898 868 1922 896 c
1932 855 1947 894 i
1958 867 1985 895 a
2034 858 2100 895 est
2147 854 2444 909 hegemonica.
2495 853 2553 918 T.

1676 926 1736 971 H.
1766 941 1811 982 Ρ.
1842 933 1944 981 465.

1389 998 1717 1040 Potestatis
1749 999 1890 1041 civilis
1919 1000 2058 1054 origo.
2089 1000 2140 1042 T.
2170 1001 2206 1043 Ι.
2237 1013 2279 1054 p.
2309 997 2382 1044 47.

1535 1095 1590 1102 —
1747 1071 1956 1116 extensio.
1987 1072 2036 1112 T.
2070 1073 2104 1116 Ι.
2136 1087 2181 1127 Ρ.
2212 1070 2285 1116 48.

1388 1144 1634 1186 Discrimen
1663 1148 2024 1199 potestatum.
2057 1145 2111 1191 Τ.
2142 1147 2180 1190 Ι.
2210 1158 2252 1200 p.
2283 1144 2353 1190 36.

1386 1217 1633 1259 Discrimen
1662 1219 1776 1260 inter
1803 1221 2062 1272 potestatem
2098 1219 2271 1273 imperii
2309 1223 2353 1261 et
2389 1218 2543 1260 Eccle-

1502 1291 1607 1334 siae.
1639 1290 1692 1334 T.
1723 1290 1759 1331 Ι.
1791 1304 1834 1345 p.
1863 1288 1935 1334 47.
1964 1287 2036 1333 48.

1388 1361 1641 1404 Subiectum
1672 1363 1906 1406 obnoxium
1937 1364 2111 1418 utrique
2155 1363 2376 1417 potestati.
2398 1363 2474 1430 ⁶⁷1¹.
2504 1365 2541 1410 Ι.

1499 1449 1542 1490 p.
1574 1435 1645 1479 48.
1672 1435 1675 1438 ’

1383 1507 1422 1549 Α
1451 1513 1741 1570 potestate
1773 1509 1939 1550 civili
1969 1514 2113 1566 n‘eque
2158 1510 2352 1565 regitur,
2397 1524 2541 1565 neque

1497 1582 1700 1624 avellitur
1727 1582 1927 1624 Romana
1954 1583 2112 1627 unitas.
2143 1582 2195 1626 T.
2226 1583 2261 1625 I.
2293 1597 2337 1638 p.
2368 1581 2440 1628 25.

1735 1695 2190 1750 PraedicatiO.

1378 1798 1726 1853 Apostolicarum
1784 1801 2065 1843 ecclesiarum
2116 1802 2381 1844 consentire
2408 1801 2516 1844 debe

1477 1886 1590 1914 -cum
1620 1874 1942 1927 praedicatione
1980 1876 2193 1919 Romana.
2239 1874 2290 1916 T.
2320 1874 2356 1916 I.
2387 1888 2430 1928 p.
2461 1873 2534 1918 80.

1576 2061 1578 2063 Ὺ
1719 1990 2187 2060 Pragmatica.

1375 2075 1567 2121 Sanctio.
1597 2076 1718 2131 Vide·
1743 2076 1978 2119 Sanctio
2006 2078 2371 2133 pragmatica.

1818 2191 2078 2247 PreceS.

1371 2282 1588 2323 Fidelium
1618 2294 1696 2335 pro
1729 2284 1867 2322 status
1901 2280 2122 2323 felicitate.
2155 2280 2205 2323 T.
2235 2279 2272 2322 Ι.
2301 2293 2346 2333 Ρ.
2377 2277 2446 2321 52.

1487 2380 1541 2386 —-
1631 2380 1685 2385 —
1735 2354 2081 2409 imperatoribus.
2122 2353 2172 2394 T.
2203 2352 2239 2396 I.
2269 2366 2309 2406 p.
2341 2349 2411 2395 54.

1763 2459 2134 2536 Πρεσβεῖον.

1368 2556 1624 2615 Πρεσβείου
1640 2559 1707 2599 vis
1736 2559 1907 2599 in'can.
1938 2557 2015 2601 VI.
2049 2569 2171 2599 conc.
2204 2556 2290 2600 nic.
2323 2555 2374 2598 T.
2405 2555 2524 2610 11.p.

1480 2630 1550 2682 80,
1581 2629 1652 2675 97.

1734 2743 2123 2815 Presbyteri

1364 2834 1591 2876 reverendi
1636 2837 1736 2874 sunt
1775 2837 1823 2874 ut
1853 2836 2028 2873 senatus
2073 2831 2157 2872 Dei
2206 2836 2250 2873 et
2290 2811 2518 2874 concilium

1477 2906 1800 2961 Apostolorum.
1833 2905 1885 2948 T.
1915 2903 1975 2948 11.
2008 2918 2050 2958 Ρ.
2083 2901 2150 2955 10,
2184 2902 2251 2947 14.

1665 3017 2213 3090 Presbyterium.

1360 3107 1428 3148 Pr
1439 3121 1462 3148 e
1475 3121 1494 3148 s
1506 3107 1535 3147 b
1550 3110 1607 3161 yt
1618 3120 1641 3148 e
1652 3107 1734 3148 rio
1775 3105 2066 3148 obediendum
2107 3110 2172 3147 est
2201 3107 2251 3144 ut
2279 3102 2370 3158 legi
2408 3103 2518 3146 Jesu

1477 3179 1650 3223 Christi.
1682 3180 1735 3224 T.
1766 3179 1825 3223 H.
1856 3193 1901 3233 p.
1934 3177 2000 3222 12.

1359 3253 1395 3293 Ρ
1405 3266 1427 3294 ι·
1438 3266 1461 3294 e
1473 3266 1493 3293 s
1505 3253 1533 3293 b
1546 3266 1572 3305 y
1584 3256 1602 3293 t
1613 3266 1636 3293 e
1649 3252 1732 3293 riu
1741 3266 1784 3292 m
1832 3253 2126 3306 repraesentat
2165 3250 2410 3306 Apostolos,
2461 3250 2512 3293 T.

1473 3324 1532 3368 Π.
1564 3338 1608 3378 Ρ.
1642 3322 1711 3368 12.

1754 3436 2110 3491 Primatus.

1355 3526 1525 3570 Petri.
1557 3525 1608 3567 T.
1639 3526 1676 3569 Ι.
1709 3539 1752 3580 p.
1786 3523 1854 3566 15.

1354 3599 1635 3641 Primatus
1684 3598 1881 3639 Romano
1929 3594 2131 3636 Pontifici
2179 3595 2251 3636 vel
2298 3562 2354 3636 ab
2402 3580 2508 3649 ipsis

1466 3670 1745 3713 Nestorianis
1767 3668 2056 3719 adiudicatur‚
2086 3681 2174 3709 non
2204 3668 2343 3710 solum
2372 3667 2507 3710 hono·

1466 3743 1538 3794 ris,
1571 3742 1647 3784 sed
1677 3746 1720 3783 et
1749 3741 2057 3784 iurisdictionis
2086 3741 2260 3795 proprie
2281 3740 2516 3801 dictae.T.*

1465 3814 1524 3855 ΙΙ.
1554 3828 1598 3868 p.
1630 3811 1702 3858 85.

221 3906 274 3914 -
393 3885 591 3926 civilis
633 3885 690 3926 ad
719 3886 851 3928 finem
890 3886 1262 3941 supernaturalem
1350 3887 1391 3928 R
1407 3900 1432 3929 o
1448 3901 1490 3928 m
1506 3900 1533 3927 a
1548 3887 1608 3927 ni
1637 3887 1674 3927 P
1689 3884 1716 3932 o
1730 3901 1760 3928 n
1776 3887 1824 3927 ti
1841 3886 1863 3937 f
1872 3887 1889 3927 i
1905 3900 1928 3927 c
1943 3886 1960 3927 i
1977 3899 2013 3931 s.
2034 3886 2216 3928 Errores
2246 3885 2505 3948 damnantur

390 3954 579 3998 ordinari
607 3961 764 4013 potest.
795 3959 846 4004 T.
877 3958 914 4004 Ι.
944 3973 987 4014 p.
1017 3957 1088 4004 45.

1466 3959 1519 4004 T.
1550 3958 1607 4004 11.
1637 3972 1681 4013 p.
1727 3957 1796 4014 97,
1828 3958 1899 4005 98.
