<?xml version="1.0" encoding="UTF-8"?>
<!DOCTYPE html PUBLIC "-//W3C//DTD XHTML 1.0 Transitional//EN"
    "http://www.w3.org/TR/xhtml1/DTD/xhtml1-transitional.dtd">
<html xmlns="http://www.w3.org/1999/xhtml" xml:lang="en" lang="en">
 <head>
  <title>
</title>
<meta http-equiv="Content-Type" content="text/html;charset=utf-8" />
  <meta name='ocr-system' content='tesseract 3.04.00' />
  <meta name='ocr-capabilities' content='ocr_page ocr_carea ocr_par ocr_line ocrx_word'/>
</head>
<body>
  <div class='ocr_page' id='page_1' title='image "a607958700schruoft_0080.png"; bbox 0 0 2626 4432; ppageno 0'>
   <div class='ocr_carea' id='block_1_1' title="bbox 1292 171 1652 227">
    <p class='ocr_par' dir='ltr' id='par_1_1' title="bbox 1292 171 1652 227">
     <span class='ocr_line' id='line_1_1' title="bbox 1292 171 1652 227; baseline -0.006 -16"><span class='ocrx_word' id='word_1_1' title='bbox 1292 171 1652 227; x_wconf 51' lang='lat'><strong>‚52—</strong></span> 
     </span>
    </p>
   </div>
   <div class='ocr_carea' id='block_1_2' title="bbox 438 325 2512 677">
    <p class='ocr_par' dir='ltr' id='par_1_2' title="bbox 438 325 2512 677">
     <span class='ocr_line' id='line_1_2' title="bbox 443 325 2512 401; baseline 0.001 -16"><span class='ocrx_word' id='word_1_2' title='bbox 443 350 578 401; x_wconf 90' lang='lat' dir='ltr'><strong>quae</strong></span> <span class='ocrx_word' id='word_1_3' title='bbox 615 346 808 399; x_wconf 85' lang='lat' dir='ltr'><strong>magno</strong></span> <span class='ocrx_word' id='word_1_4' title='bbox 846 345 1064 384; x_wconf 88' lang='lat' dir='ltr'><strong>numero</strong></span> <span class='ocrx_word' id='word_1_5' title='bbox 1103 328 1461 395; x_wconf 85' lang='lat' dir='ltr'><strong>confluxerat,</strong></span> <span class='ocrx_word' id='word_1_6' title='bbox 1496 327 1856 393; x_wconf 87' lang='lat' dir='ltr'><strong>declararunt,</strong></span> <span class='ocrx_word' id='word_1_7' title='bbox 1894 325 1912 358; x_wconf 79' lang='lat'>¹</span> <span class='ocrx_word' id='word_1_8' title='bbox 1951 329 2124 381; x_wconf 90' lang='lat' dir='ltr'><strong>animo</strong></span> <span class='ocrx_word' id='word_1_9' title='bbox 2163 335 2218 382; x_wconf 88' lang='lat' dir='ltr'><strong>et</strong></span> <span class='ocrx_word' id='word_1_10' title='bbox 2256 332 2420 385; x_wconf 85' lang='lat' dir='ltr'><strong>corde</strong></span> <span class='ocrx_word' id='word_1_11' title='bbox 2453 349 2512 388; x_wconf 90' lang='lat' dir='ltr'><strong>se</strong></span> 
     </span>
     <span class='ocr_line' id='line_1_3' title="bbox 441 419 2508 492; baseline -0.001 -15"><span class='ocrx_word' id='word_1_12' title='bbox 441 428 490 477; x_wconf 92' lang='lat' dir='ltr'><strong>in</strong></span> <span class='ocrx_word' id='word_1_13' title='bbox 528 425 757 478; x_wconf 90' lang='lat' dir='ltr'><strong>ecclesia</strong></span> <span class='ocrx_word' id='word_1_14' title='bbox 797 439 1009 491; x_wconf 86' lang='lat' dir='ltr'><strong>semper</strong></span> <span class='ocrx_word' id='word_1_15' title='bbox 1052 422 1247 485; x_wconf 89' lang='lat' dir='ltr'><strong>fuisse,</strong></span> <span class='ocrx_word' id='word_1_16' title='bbox 1299 419 1726 486; x_wconf 90' lang='lat' dir='ltr'><strong>quandoquidem</strong></span> <span class='ocrx_word' id='word_1_17' title='bbox 1775 434 1880 472; x_wconf 91' lang='lat' dir='ltr'><strong>non</strong></span> <span class='ocrx_word' id='word_1_18' title='bbox 1932 421 2255 490; x_wconf 82' lang='lat' dir='ltr'>ignorarint,</span> <span class='ocrx_word' id='word_1_19' title='bbox 2290 442 2508 492; x_wconf 69' lang='lat' dir='ltr'><strong>„unum</strong></span> 
     </span>
     <span class='ocr_line' id='line_1_4' title="bbox 439 511 2510 583; baseline 0.001 -15"><span class='ocrx_word' id='word_1_20' title='bbox 439 518 605 568; x_wconf 91' lang='lat' dir='ltr'><strong>Deum</strong></span> <span class='ocrx_word' id='word_1_21' title='bbox 639 532 787 582; x_wconf 90' lang='lat' dir='ltr'><strong>esse,</strong></span> <span class='ocrx_word' id='word_1_22' title='bbox 826 519 880 565; x_wconf 85' lang='lat' dir='ltr'><strong>et</strong></span> <span class='ocrx_word' id='word_1_23' title='bbox 914 530 1069 566; x_wconf 91' lang='lat' dir='ltr'><strong>unum</strong></span> <span class='ocrx_word' id='word_1_24' title='bbox 1107 511 1372 564; x_wconf 81' lang='lat' dir='ltr'><strong>Christum</strong></span> <span class='ocrx_word' id='word_1_25' title='bbox 1400 526 1522 562; x_wconf 91' lang='lat' dir='ltr'><strong>esse</strong></span> <span class='ocrx_word' id='word_1_26' title='bbox 1546 511 1848 578; x_wconf 92' lang='lat' dir='ltr'><strong>Dominum,</strong></span> <span class='ocrx_word' id='word_1_27' title='bbox 1885 529 2043 565; x_wconf 91' lang='lat' dir='ltr'><strong>unum</strong></span> <span class='ocrx_word' id='word_1_28' title='bbox 2070 513 2326 583; x_wconf 89' lang='lat' dir='ltr'><strong>Spiritum</strong></span> <span class='ocrx_word' id='word_1_29' title='bbox 2352 533 2510 572; x_wconf 91' lang='lat' dir='ltr'><strong>sanc-</strong></span> 
     </span>
     <span class='ocr_line' id='line_1_5' title="bbox 438 605 2214 677; baseline 0.001 -18"><span class='ocrx_word' id='word_1_30' title='bbox 438 614 566 674; x_wconf 87' lang='lat' dir='ltr'><strong>tum,</strong></span> <span class='ocrx_word' id='word_1_31' title='bbox 601 624 757 659; x_wconf 91' lang='lat' dir='ltr'><strong>unum</strong></span> <span class='ocrx_word' id='word_1_32' title='bbox 793 608 1101 675; x_wconf 89' lang='lat' dir='ltr'><strong>episcopum</strong></span> <span class='ocrx_word' id='word_1_33' title='bbox 1136 606 1189 657; x_wconf 90' lang='lat' dir='ltr'><strong>in</strong></span> <span class='ocrx_word' id='word_1_34' title='bbox 1228 605 1460 658; x_wconf 87' lang='lat' dir='ltr'><strong>ecclesia</strong></span> <span class='ocrx_word' id='word_1_35' title='bbox 1499 605 1764 658; x_wconf 91' lang='lat' dir='ltr'><strong>catholica</strong></span> <span class='ocrx_word' id='word_1_36' title='bbox 1805 621 1925 658; x_wconf 89' lang='lat' dir='ltr'><strong>esse</strong></span> <span class='ocrx_word' id='word_1_37' title='bbox 1966 606 2214 677; x_wconf 73' lang='lat' dir='ltr'><strong>debere„</strong></span> 
     </span>
    </p>
   </div>
   <div class='ocr_carea' id='block_1_3' title="bbox 505 807 2436 877">
    <p class='ocr_par' dir='ltr' id='par_1_3' title="bbox 505 807 2436 877">
     <span class='ocr_line' id='line_1_6' title="bbox 505 807 2436 877; baseline 0.001 -14"><span class='ocrx_word' id='word_1_38' title='bbox 505 811 568 863; x_wconf 93' lang='lat' dir='ltr'><strong>II.</strong></span> <span class='ocrx_word' id='word_1_39' title='bbox 611 814 908 865; x_wconf 79' lang='lat' dir='ltr'><strong><em>Necessitas</em></strong></span> <span class='ocrx_word' id='word_1_40' title='bbox 956 812 1168 863; x_wconf 79' lang='lat' dir='ltr'><strong>unitatis</strong></span> <span class='ocrx_word' id='word_1_41' title='bbox 1206 810 1564 874; x_wconf 78' lang='lat' dir='ltr'><strong>episcoporum</strong></span> <span class='ocrx_word' id='word_1_42' title='bbox 1619 811 1667 858; x_wconf 80' lang='lat' dir='ltr'><strong>et</strong></span> <span class='ocrx_word' id='word_1_43' title='bbox 1705 807 2043 862; x_wconf 76' lang='lat' dir='ltr'><strong>ecclesiarum</strong></span> <span class='ocrx_word' id='word_1_44' title='bbox 2080 811 2436 877; x_wconf 72' lang='lat' dir='ltr'><strong>sinqularz&#39;um.</strong></span> 
     </span>
    </p>
   </div>
   <div class='ocr_carea' id='block_1_4' title="bbox 430 935 2511 1548">
    <p class='ocr_par' dir='ltr' id='par_1_4' title="bbox 430 935 2511 1548">
     <span class='ocr_line' id='line_1_7' title="bbox 577 935 2510 1009; baseline 0.001 -17"><span class='ocrx_word' id='word_1_45' title='bbox 577 939 660 992; x_wconf 77' lang='lat'><strong>79.</strong></span> <span class='ocrx_word' id='word_1_46' title='bbox 701 938 810 992; x_wconf 88' lang='lat' dir='ltr'><strong>Sed</strong></span> <span class='ocrx_word' id='word_1_47' title='bbox 851 955 1006 1006; x_wconf 90' lang='lat' dir='ltr'><strong>quum</strong></span> <span class='ocrx_word' id='word_1_48' title='bbox 1050 939 1116 991; x_wconf 91' lang='lat' dir='ltr'><strong>de</strong></span> <span class='ocrx_word' id='word_1_49' title='bbox 1157 935 1425 989; x_wconf 91' lang='lat' dir='ltr'><strong>catholica</strong></span> <span class='ocrx_word' id='word_1_50' title='bbox 1463 951 1600 1002; x_wconf 91' lang='lat' dir='ltr'><strong>quae</strong></span> <span class='ocrx_word' id='word_1_51' title='bbox 1655 944 1738 989; x_wconf 89' lang='lat' dir='ltr'><strong>est</strong></span> <span class='ocrx_word' id='word_1_52' title='bbox 1793 953 2014 991; x_wconf 88' lang='lat' dir='ltr'><strong>romana</strong></span> <span class='ocrx_word' id='word_1_53' title='bbox 2062 941 2265 992; x_wconf 85' lang='lat' dir='ltr'><strong>unitate</strong></span> <span class='ocrx_word' id='word_1_54' title='bbox 2315 943 2510 1009; x_wconf 83' lang='lat' dir='ltr'><strong>agitur,</strong></span> 
     </span>
     <span class='ocr_line' id='line_1_8' title="bbox 432 1027 2510 1100; baseline 0.001 -16"><span class='ocrx_word' id='word_1_55' title='bbox 432 1049 535 1085; x_wconf 93' lang='lat' dir='ltr'><strong>non</strong></span> <span class='ocrx_word' id='word_1_56' title='bbox 590 1050 691 1084; x_wconf 91' lang='lat' dir='ltr'><strong>una</strong></span> <span class='ocrx_word' id='word_1_57' title='bbox 742 1033 916 1099; x_wconf 89' lang='lat' dir='ltr'><strong>aliqua</strong></span> <span class='ocrx_word' id='word_1_58' title='bbox 967 1029 1309 1100; x_wconf 87' lang='lat' dir='ltr'><strong>particularis</strong></span> <span class='ocrx_word' id='word_1_59' title='bbox 1370 1027 1603 1080; x_wconf 91' lang='lat' dir='ltr'><strong>fidelium</strong></span> <span class='ocrx_word' id='word_1_60' title='bbox 1657 1031 1917 1098; x_wconf 83' lang='lat' dir='ltr'><strong>societas,</strong></span> <span class='ocrx_word' id='word_1_61' title='bbox 1983 1034 2167 1086; x_wconf 84' lang='lat' dir='ltr'><strong>verum</strong></span> <span class='ocrx_word' id='word_1_62' title='bbox 2230 1034 2510 1087; x_wconf 90' lang='lat' dir='ltr'><strong>multitudo</strong></span> 
     </span>
     <span class='ocr_line' id='line_1_9' title="bbox 433 1124 2510 1195; baseline 0.001 -18"><span class='ocrx_word' id='word_1_63' title='bbox 433 1125 689 1192; x_wconf 83' lang='lat' dir='ltr'>quaedam</span> <span class='ocrx_word' id='word_1_64' title='bbox 726 1142 826 1192; x_wconf 89' lang='lat' dir='ltr'><strong>per</strong></span> <span class='ocrx_word' id='word_1_65' title='bbox 865 1133 1126 1176; x_wconf 89' lang='lat' dir='ltr'><strong>terrarum</strong></span> <span class='ocrx_word' id='word_1_66' title='bbox 1157 1126 1340 1175; x_wconf 91' lang='lat' dir='ltr'><strong>orbem</strong></span> <span class='ocrx_word' id='word_1_67' title='bbox 1371 1124 1738 1191; x_wconf 86' lang='lat' dir='ltr'><strong>exsistentium</strong></span> <span class='ocrx_word' id='word_1_68' title='bbox 1774 1127 2196 1178; x_wconf 83' lang='lat' dir='ltr'><strong>communionum</strong></span> <span class='ocrx_word' id='word_1_69' title='bbox 2222 1127 2510 1195; x_wconf 87' lang='lat' dir='ltr'><strong>episcopo-</strong></span> 
     </span>
     <span class='ocr_line' id='line_1_10' title="bbox 431 1217 2511 1288; baseline 0.002 -19"><span class='ocrx_word' id='word_1_70' title='bbox 431 1235 649 1285; x_wconf 86' lang='lat' dir='ltr'><strong>rumque</strong></span> <span class='ocrx_word' id='word_1_71' title='bbox 690 1217 1085 1286; x_wconf 78' lang='lat' dir='ltr'><strong>particularium</strong></span> <span class='ocrx_word' id='word_1_72' title='bbox 1126 1217 1301 1267; x_wconf 92' lang='lat' dir='ltr'><strong>animo</strong></span> <span class='ocrx_word' id='word_1_73' title='bbox 1341 1223 1395 1267; x_wconf 91' lang='lat' dir='ltr'><strong>et</strong></span> <span class='ocrx_word' id='word_1_74' title='bbox 1434 1217 1603 1268; x_wconf 90' lang='lat' dir='ltr'><strong>oculis</strong></span> <span class='ocrx_word' id='word_1_75' title='bbox 1643 1217 1921 1285; x_wconf 87' lang='lat' dir='ltr'><strong>objicitur:</strong></span> <span class='ocrx_word' id='word_1_76' title='bbox 1974 1218 2041 1270; x_wconf 90' lang='lat' dir='ltr'><strong>de</strong></span> <span class='ocrx_word' id='word_1_77' title='bbox 2080 1229 2313 1286; x_wconf 90' lang='lat' dir='ltr'><strong>quanam</strong></span> <span class='ocrx_word' id='word_1_78' title='bbox 2346 1221 2511 1288; x_wconf 84' lang='lat' dir='ltr'><strong>igitur</strong></span> 
     </span>
     <span class='ocr_line' id='line_1_11' title="bbox 432 1308 2508 1379; baseline 0.001 -17"><span class='ocrx_word' id='word_1_79' title='bbox 432 1312 631 1363; x_wconf 86' lang='lat' dir='ltr'><strong>unitate</strong></span> <span class='ocrx_word' id='word_1_80' title='bbox 680 1311 911 1378; x_wconf 83' lang='lat' dir='ltr'><strong>majores</strong></span> <span class='ocrx_word' id='word_1_81' title='bbox 962 1310 1373 1375; x_wconf 84' lang='lat' dir='ltr'><strong>nominatimque</strong></span> <span class='ocrx_word' id='word_1_82' title='bbox 1426 1308 1731 1377; x_wconf 84' lang='lat' dir='ltr'><strong>Cyprianus</strong></span> <span class='ocrx_word' id='word_1_83' title='bbox 1771 1310 2066 1378; x_wconf 88' lang='lat' dir='ltr'><strong>disserunt,</strong></span> <span class='ocrx_word' id='word_1_84' title='bbox 2101 1328 2300 1379; x_wconf 49' lang='lat' dir='ltr'><strong>,quam1</strong></span> <span class='ocrx_word' id='word_1_85' title='bbox 2329 1330 2367 1365; x_wconf 88' lang='lat' dir='ltr'><strong>a·</strong></span> <span class='ocrx_word' id='word_1_86' title='bbox 2399 1314 2508 1366; x_wconf 90' lang='lat' dir='ltr'><strong>sin-</strong></span> 
     </span>
     <span class='ocr_line' id='line_1_12' title="bbox 430 1402 2507 1475; baseline 0.002 -20"><span class='ocrx_word' id='word_1_87' title='bbox 430 1405 568 1471; x_wconf 80' lang='lat' dir='ltr'><strong>gulis</strong></span> <span class='ocrx_word' id='word_1_88' title='bbox 618 1404 721 1455; x_wconf 90' lang='lat' dir='ltr'><strong>illis</strong></span> <span class='ocrx_word' id='word_1_89' title='bbox 773 1403 860 1455; x_wconf 91' lang='lat' dir='ltr'><strong>hic</strong></span> <span class='ocrx_word' id='word_1_90' title='bbox 904 1403 1071 1469; x_wconf 83' lang='lat' dir='ltr'><strong>exigit</strong></span> <span class='ocrx_word' id='word_1_91' title='bbox 1118 1410 1171 1454; x_wconf 91' lang='lat' dir='ltr'><strong>et</strong></span> <span class='ocrx_word' id='word_1_92' title='bbox 1210 1402 1418 1469; x_wconf 82' lang='lat' dir='ltr'><strong>flagitat</strong></span> <span class='ocrx_word' id='word_1_93' title='bbox 1469 1403 1586 1455; x_wconf 90' lang='lat' dir='ltr'><strong>sive</strong></span> <span class='ocrx_word' id='word_1_94' title='bbox 1634 1402 1760 1454; x_wconf 91' lang='lat' dir='ltr'><strong>fidei</strong></span> <span class='ocrx_word' id='word_1_95' title='bbox 1802 1404 1915 1455; x_wconf 88' lang='lat' dir='ltr'><strong>sive</strong></span> <span class='ocrx_word' id='word_1_96' title='bbox 1955 1405 2195 1457; x_wconf 88' lang='lat' dir='ltr'><strong>caritatis</strong></span> <span class='ocrx_word' id='word_1_97' title='bbox 2226 1407 2507 1475; x_wconf 89' lang='lat' dir='ltr'><strong>conspira-</strong></span> 
     </span>
     <span class='ocr_line' id='line_1_13' title="bbox 431 1495 675 1548; baseline -0.004 -1"><span class='ocrx_word' id='word_1_98' title='bbox 431 1497 623 1548; x_wconf 83' lang='lat' dir='ltr'><strong>tionem</strong></span> <span class='ocrx_word' id='word_1_99' title='bbox 647 1495 675 1546; x_wconf 70' lang='lat'><strong><em>2</em></strong></span> 
     </span>
    </p>
   </div>
   <div class='ocr_carea' id='block_1_5' title="bbox 174 1649 2508 1722">
    <p class='ocr_par' dir='ltr' id='par_1_5' title="bbox 174 1649 2508 1722">
     <span class='ocr_line' id='line_1_14' title="bbox 174 1649 2508 1722; baseline 0.005 -24"><span class='ocrx_word' id='word_1_100' title='bbox 174 1666 418 1710; x_wconf 63' lang='lat' dir='ltr'><strong>cyprianus.</strong></span> <span class='ocrx_word' id='word_1_101' title='bbox 576 1653 635 1704; x_wconf 89' lang='lat' dir='ltr'><strong>Id</strong></span> <span class='ocrx_word' id='word_1_102' title='bbox 674 1654 1003 1720; x_wconf 84' lang='lat' dir='ltr'><strong>gravissimis</strong></span> <span class='ocrx_word' id='word_1_103' title='bbox 1051 1653 1232 1705; x_wconf 89' lang='lat' dir='ltr'><strong>verbis</strong></span> <span class='ocrx_word' id='word_1_104' title='bbox 1273 1651 1579 1720; x_wconf 85' lang='lat' dir='ltr'><strong>Cyprianus</strong></span> <span class='ocrx_word' id='word_1_105' title='bbox 1608 1649 1631 1682; x_wconf 82' lang='lat'>²</span> <span class='ocrx_word' id='word_1_106' title='bbox 1670 1655 1966 1722; x_wconf 83' lang='lat' dir='ltr'><strong>expressit,</strong></span> <span class='ocrx_word' id='word_1_107' title='bbox 2022 1670 2182 1722; x_wconf 92' lang='lat' dir='ltr'><strong>quum</strong></span> <span class='ocrx_word' id='word_1_108' title='bbox 2232 1655 2369 1709; x_wconf 88' lang='lat' dir='ltr'><strong>hanc</strong></span> <span class='ocrx_word' id='word_1_109' title='bbox 2406 1657 2508 1711; x_wconf 92' lang='lat' dir='ltr'><strong>sibi</strong></span> 
     </span>
    </p>
   </div>
   <div class='ocr_carea' id='block_1_6' title="bbox 433 1745 2621 1814">
    <p class='ocr_par' dir='ltr' id='par_1_6' title="bbox 433 1745 2621 1814">
     <span class='ocr_line' id='line_1_15' title="bbox 433 1745 2621 1814; baseline 0.002 -15"><span class='ocrx_word' id='word_1_110' title='bbox 433 1748 655 1814; x_wconf 90' lang='lat' dir='ltr'><strong>aliisque</strong></span> <span class='ocrx_word' id='word_1_111' title='bbox 693 1748 945 1800; x_wconf 88' lang='lat' dir='ltr'><strong>fratribus</strong></span> <span class='ocrx_word' id='word_1_112' title='bbox 984 1747 1225 1813; x_wconf 81' lang='lat' dir='ltr'><strong>regulam</strong></span> <span class='ocrx_word' id='word_1_113' title='bbox 1274 1745 1434 1796; x_wconf 88' lang='lat' dir='ltr'><strong>dixit:</strong></span> <span class='ocrx_word' id='word_1_114' title='bbox 1492 1745 1693 1813; x_wconf 79' lang='lat' dir='ltr'><strong>„Quam</strong></span> <span class='ocrx_word' id='word_1_115' title='bbox 1743 1749 2001 1799; x_wconf 89' lang='lat' dir='ltr'><strong>unitatem</strong></span> <span class='ocrx_word' id='word_1_116' title='bbox 2053 1748 2277 1801; x_wconf 89' lang='lat' dir='ltr'><strong>firmiter</strong></span> <span class='ocrx_word' id='word_1_117' title='bbox 2323 1757 2537 1804; x_wconf 37' lang='lat' dir='ltr'><strong>tenere*</strong></span> <span class='ocrx_word' id='word_1_118' title='bbox 2610 1761 2621 1776; x_wconf 86' lang='grc'><em>·</em></span> 
     </span>
    </p>
   </div>
   <div class='ocr_carea' id='block_1_7' title="bbox 427 1840 2507 2378">
    <p class='ocr_par' dir='ltr' id='par_1_7' title="bbox 427 1840 2507 2378">
     <span class='ocr_line' id='line_1_16' title="bbox 432 1840 2505 1912; baseline 0.002 -21"><span class='ocrx_word' id='word_1_119' title='bbox 432 1847 484 1892; x_wconf 88' lang='lat' dir='ltr'><strong>et</strong></span> <span class='ocrx_word' id='word_1_120' title='bbox 525 1841 796 1893; x_wconf 86' lang='lat' dir='ltr'><strong>vindicare</strong></span> <span class='ocrx_word' id='word_1_121' title='bbox 841 1840 1122 1906; x_wconf 83' lang='lat' dir='ltr'><strong>debemuS,</strong></span> <span class='ocrx_word' id='word_1_122' title='bbox 1171 1840 1398 1891; x_wconf 89' lang='lat' dir='ltr'><strong>maxime</strong></span> <span class='ocrx_word' id='word_1_123' title='bbox 1449 1841 1719 1909; x_wconf 85' lang='lat' dir='ltr'><strong>episcopi,</strong></span> <span class='ocrx_word' id='word_1_124' title='bbox 1772 1842 1859 1908; x_wconf 86' lang='lat' dir='ltr'><strong>qui</strong></span> <span class='ocrx_word' id='word_1_125' title='bbox 1914 1842 1968 1893; x_wconf 92' lang='lat' dir='ltr'><strong>in</strong></span> <span class='ocrx_word' id='word_1_126' title='bbox 2018 1842 2247 1895; x_wconf 87' lang='lat' dir='ltr'><strong>ecclesia</strong></span> <span class='ocrx_word' id='word_1_127' title='bbox 2298 1845 2505 1912; x_wconf 85' lang='lat' dir='ltr'><strong>praesi-</strong></span> 
     </span>
     <span class='ocr_line' id='line_1_17' title="bbox 432 1934 2506 2004; baseline 0.002 -20"><span class='ocrx_word' id='word_1_128' title='bbox 432 1934 647 2001; x_wconf 76' lang='lat' dir='ltr'><strong>demuS,</strong></span> <span class='ocrx_word' id='word_1_129' title='bbox 688 1943 743 1986; x_wconf 92' lang='lat' dir='ltr'><strong>ut</strong></span> <span class='ocrx_word' id='word_1_130' title='bbox 781 1936 1145 2004; x_wconf 88' lang='lat' dir='ltr'><strong>episcopatum</strong></span> <span class='ocrx_word' id='word_1_131' title='bbox 1186 1948 1397 2000; x_wconf 91' lang='lat' dir='ltr'><strong>quoque</strong></span> <span class='ocrx_word' id='word_1_132' title='bbox 1430 1934 1602 2001; x_wconf 91' lang='lat' dir='ltr'><strong>ipsum</strong></span> <span class='ocrx_word' id='word_1_133' title='bbox 1645 1950 1801 1986; x_wconf 89' lang='lat' dir='ltr'><strong>unum</strong></span> <span class='ocrx_word' id='word_1_134' title='bbox 1853 1941 2012 2001; x_wconf 84' lang='lat' dir='ltr'><strong>atque</strong></span> <span class='ocrx_word' id='word_1_135' title='bbox 2047 1934 2334 1989; x_wconf 87' lang='lat' dir='ltr'><strong>indivisum</strong></span> <span class='ocrx_word' id='word_1_136' title='bbox 2375 1945 2506 2004; x_wconf 88' lang='lat' dir='ltr'><strong>pro-</strong></span> 
     </span>
     <span class='ocr_line' id='line_1_18' title="bbox 431 2025 2507 2094; baseline 0.002 -15"><span class='ocrx_word' id='word_1_137' title='bbox 431 2029 627 2080; x_wconf 77' lang='lat' dir='ltr'><strong>bemus,</strong></span> <span class='ocrx_word' id='word_1_138' title='bbox 702 2027 870 2080; x_wconf 90' lang='lat' dir='ltr'><strong>Nemo</strong></span> <span class='ocrx_word' id='word_1_139' title='bbox 909 2026 1291 2079; x_wconf 83' lang='lat' dir='ltr'><strong>fraternitatem</strong></span> <span class='ocrx_word' id='word_1_140' title='bbox 1327 2025 1608 2078; x_wconf 89' lang='lat' dir='ltr'><strong>mendacio</strong></span> <span class='ocrx_word' id='word_1_141' title='bbox 1647 2026 1826 2094; x_wconf 87' lang='lat' dir='ltr'><strong>fallat,</strong></span> <span class='ocrx_word' id='word_1_142' title='bbox 1873 2043 2029 2080; x_wconf 91' lang='lat' dir='ltr'><strong>nemo</strong></span> <span class='ocrx_word' id='word_1_143' title='bbox 2080 2027 2208 2080; x_wconf 88' lang='lat' dir='ltr'><strong>fidei</strong></span> <span class='ocrx_word' id='word_1_144' title='bbox 2247 2029 2507 2084; x_wconf 70' lang='lat' dir='ltr'><strong>unitatem.</strong></span> 
     </span>
     <span class='ocr_line' id='line_1_19' title="bbox 429 2119 2504 2192; baseline 0.002 -20"><span class='ocrx_word' id='word_1_145' title='bbox 429 2119 637 2187; x_wconf 89' lang='lat' dir='ltr'><strong>perfida</strong></span> <span class='ocrx_word' id='word_1_146' title='bbox 677 2121 1140 2188; x_wconf 88' lang='lat' dir='ltr'><strong>praevaricatione</strong></span> <span class='ocrx_word' id='word_1_147' title='bbox 1190 2127 1514 2190; x_wconf 87' lang='lat' dir='ltr'><strong>corrumpat.</strong></span> <span class='ocrx_word' id='word_1_148' title='bbox 1594 2121 1956 2190; x_wconf 78' lang='lat' dir='ltr'><strong>Episcopatus</strong></span> <span class='ocrx_word' id='word_1_149' title='bbox 2003 2137 2139 2173; x_wconf 90' lang='lat' dir='ltr'><strong>unus</strong></span> <span class='ocrx_word' id='word_1_150' title='bbox 2189 2128 2296 2188; x_wconf 90' lang='lat' dir='ltr'><strong>est,</strong></span> <span class='ocrx_word' id='word_1_151' title='bbox 2342 2123 2504 2192; x_wconf 55' lang='lat' dir='ltr'><strong>‘cujus</strong></span> 
     </span>
     <span class='ocr_line' id='line_1_20' title="bbox 431 2213 2505 2283; baseline 0.002 -19"><span class='ocrx_word' id='word_1_152' title='bbox 431 2230 461 2264; x_wconf 87' lang='lat' dir='ltr'><strong>a</strong></span> <span class='ocrx_word' id='word_1_153' title='bbox 500 2214 721 2280; x_wconf 81' lang='lat' dir='ltr'><strong>singulis</strong></span> <span class='ocrx_word' id='word_1_154' title='bbox 759 2214 812 2264; x_wconf 90' lang='lat' dir='ltr'><strong>in</strong></span> <span class='ocrx_word' id='word_1_155' title='bbox 847 2213 1070 2266; x_wconf 90' lang='lat' dir='ltr'><strong>solidum</strong></span> <span class='ocrx_word' id='word_1_156' title='bbox 1111 2232 1237 2283; x_wconf 90' lang='lat' dir='ltr'><strong>pars</strong></span> <span class='ocrx_word' id='word_1_157' title='bbox 1278 2222 1503 2267; x_wconf 89' lang='lat' dir='ltr'><strong>tenetur.</strong></span> <span class='ocrx_word' id='word_1_158' title='bbox 1579 2214 1828 2267; x_wconf 84' lang='lat' dir='ltr'><strong>Ecclesia</strong></span> <span class='ocrx_word' id='word_1_159' title='bbox 1860 2229 2072 2281; x_wconf 89' lang='lat' dir='ltr'><strong>quoque</strong></span> <span class='ocrx_word' id='word_1_160' title='bbox 2097 2231 2202 2266; x_wconf 90' lang='lat' dir='ltr'><strong>una</strong></span> <span class='ocrx_word' id='word_1_161' title='bbox 2227 2222 2326 2283; x_wconf 87' lang='lat' dir='ltr'><strong>est,</strong></span> <span class='ocrx_word' id='word_1_162' title='bbox 2366 2232 2505 2283; x_wconf 85' lang='lat' dir='ltr'><strong>quae</strong></span> 
     </span>
     <span class='ocr_line' id='line_1_21' title="bbox 427 2306 2282 2378; baseline 0.001 -20"><span class='ocrx_word' id='word_1_163' title='bbox 427 2308 483 2358; x_wconf 90' lang='lat' dir='ltr'><strong>in</strong></span> <span class='ocrx_word' id='word_1_164' title='bbox 522 2306 903 2359; x_wconf 89' lang='lat' dir='ltr'><strong>multitudinem</strong></span> <span class='ocrx_word' id='word_1_165' title='bbox 943 2308 1099 2378; x_wconf 83' lang='lat' dir='ltr'><strong>latius</strong></span> <span class='ocrx_word' id='word_1_166' title='bbox 1140 2309 1469 2361; x_wconf 88' lang='lat' dir='ltr'><strong>incremento</strong></span> <span class='ocrx_word' id='word_1_167' title='bbox 1509 2307 1888 2361; x_wconf 83' lang='lat' dir='ltr'><strong>foecunditatis</strong></span> <span class='ocrx_word' id='word_1_168' title='bbox 1929 2307 2282 2376; x_wconf 83' lang='lat' dir='ltr'><strong>extenditur.„</strong></span> 
     </span>
    </p>
   </div>
   <div class='ocr_carea' id='block_1_8' title="bbox 75 2463 2504 2627">
    <p class='ocr_par' dir='ltr' id='par_1_8' title="bbox 75 2463 2504 2627">
     <span class='ocr_line' id='line_1_22' title="bbox 82 2463 2504 2569; baseline -0.001 -49"><span class='ocrx_word' id='word_1_169' title='bbox 82 2473 419 2569; x_wconf 48' lang='lat' dir='ltr'><strong>madiam-200·</strong></span> <span class='ocrx_word' id='word_1_170' title='bbox 575 2467 663 2520; x_wconf 83' lang='lat'><strong>80.</strong></span> <span class='ocrx_word' id='word_1_171' title='bbox 689 2465 770 2518; x_wconf 90' lang='lat' dir='ltr'><strong>Ea</strong></span> <span class='ocrx_word' id='word_1_172' title='bbox 794 2481 926 2532; x_wconf 80' lang='lat' dir='ltr'><strong>ergo</strong></span> <span class='ocrx_word' id='word_1_173' title='bbox 952 2467 1019 2517; x_wconf 91' lang='lat' dir='ltr'><strong>ab</strong></span> <span class='ocrx_word' id='word_1_174' title='bbox 1044 2465 1311 2534; x_wconf 88' lang='lat' dir='ltr'><strong>episcopis</strong></span> <span class='ocrx_word' id='word_1_175' title='bbox 1338 2465 1563 2533; x_wconf 83' lang='lat' dir='ltr'><strong>singulis</strong></span> <span class='ocrx_word' id='word_1_176' title='bbox 1587 2463 1929 2532; x_wconf 89' lang='lat' dir='ltr'><strong>procuranda</strong></span> <span class='ocrx_word' id='word_1_177' title='bbox 1957 2463 2348 2532; x_wconf 87' lang='lat' dir='ltr'><strong>efficiendaque</strong></span> <span class='ocrx_word' id='word_1_178' title='bbox 2387 2466 2504 2518; x_wconf 91' lang='lat' dir='ltr'><strong>uni-</strong></span> 
     </span>
     <span class='ocr_line' id='line_1_23' title="bbox 75 2558 2504 2627; baseline 0.001 -19"><span class='ocrx_word' id='word_1_179' title='bbox 75 2582 219 2619; x_wconf 76' lang='lat' dir='ltr'><strong>porum</strong></span> <span class='ocrx_word' id='word_1_180' title='bbox 259 2576 298 2610; x_wconf 76' lang='lat' dir='ltr'><strong>et</strong></span> <span class='ocrx_word' id='word_1_181' title='bbox 331 2575 415 2620; x_wconf 77' lang='lat' dir='ltr'><strong>ple-</strong></span> <span class='ocrx_word' id='word_1_182' title='bbox 433 2566 514 2612; x_wconf 86' lang='lat' dir='ltr'><strong>tas</strong></span> <span class='ocrx_word' id='word_1_183' title='bbox 554 2566 666 2626; x_wconf 91' lang='lat' dir='ltr'><strong>est,</strong></span> <span class='ocrx_word' id='word_1_184' title='bbox 709 2576 812 2626; x_wconf 90' lang='lat' dir='ltr'><strong>qua</strong></span> <span class='ocrx_word' id='word_1_185' title='bbox 851 2559 1195 2627; x_wconf 87' lang='lat' dir='ltr'><strong>episcopatus</strong></span> <span class='ocrx_word' id='word_1_186' title='bbox 1236 2558 1534 2611; x_wconf 87' lang='lat' dir='ltr'><strong>catholicus</strong></span> <span class='ocrx_word' id='word_1_187' title='bbox 1581 2559 1843 2626; x_wconf 88' lang='lat' dir='ltr'><strong>probatur</strong></span> <span class='ocrx_word' id='word_1_188' title='bbox 1882 2574 1946 2610; x_wconf 90' lang='lat' dir='ltr'><strong>ac</strong></span> <span class='ocrx_word' id='word_1_189' title='bbox 1977 2559 2349 2612; x_wconf 85' lang='lat' dir='ltr'><strong>manifestatur</strong></span> <span class='ocrx_word' id='word_1_190' title='bbox 2388 2560 2504 2612; x_wconf 91' lang='lat' dir='ltr'><strong>uni-</strong></span> 
     </span>
    </p>
   </div>
   <div class='ocr_carea' id='block_1_9' title="bbox 75 2626 2504 2999">
    <p class='ocr_par' dir='ltr' id='par_1_9' title="bbox 75 2626 2504 2999">
     <span class='ocr_line' id='line_1_24' title="bbox 75 2626 2502 2719; baseline -0 -14"><span class='ocrx_word' id='word_1_191' title='bbox 75 2626 179 2660; x_wconf 71' lang='lat' dir='ltr'><strong>mum</strong></span> <span class='ocrx_word' id='word_1_192' title='bbox 218 2627 417 2712; x_wconf 45' lang='lat' dir='ltr'><strong>legniano.</strong></span> <span class='ocrx_word' id='word_1_193' title='bbox 432 2668 523 2706; x_wconf 88' lang='lat' dir='ltr'><strong>cus</strong></span> <span class='ocrx_word' id='word_1_194' title='bbox 568 2659 621 2704; x_wconf 89' lang='lat' dir='ltr'><strong>et</strong></span> <span class='ocrx_word' id='word_1_195' title='bbox 670 2651 938 2704; x_wconf 89' lang='lat' dir='ltr'><strong>indivisus.</strong></span> <span class='ocrx_word' id='word_1_196' title='bbox 1014 2650 1125 2703; x_wconf 88' lang='lat' dir='ltr'><strong>Sed</strong></span> <span class='ocrx_word' id='word_1_197' title='bbox 1178 2651 1352 2702; x_wconf 89' lang='lat' dir='ltr'><strong>unitas</strong></span> <span class='ocrx_word' id='word_1_198' title='bbox 1400 2651 1745 2719; x_wconf 88' lang='lat' dir='ltr'><strong>episcopatus</strong></span> <span class='ocrx_word' id='word_1_199' title='bbox 1802 2667 1901 2718; x_wconf 91' lang='lat' dir='ltr'><strong>per</strong></span> <span class='ocrx_word' id='word_1_200' title='bbox 1957 2653 2142 2703; x_wconf 88' lang='lat' dir='ltr'><strong>orbem</strong></span> <span class='ocrx_word' id='word_1_201' title='bbox 2198 2652 2502 2704; x_wconf 92' lang='lat' dir='ltr'><strong>universum</strong></span> 
     </span>
     <span class='ocr_line' id='line_1_25' title="bbox 430 2732 2504 2813; baseline 0 -16"><span class='ocrx_word' id='word_1_202' title='bbox 430 2746 605 2798; x_wconf 89' lang='lat' dir='ltr'><strong>diffusi</strong></span> <span class='ocrx_word' id='word_1_203' title='bbox 642 2761 746 2797; x_wconf 92' lang='lat' dir='ltr'><strong>non</strong></span> <span class='ocrx_word' id='word_1_204' title='bbox 787 2763 850 2798; x_wconf 88' lang='lat' dir='ltr'><strong>ea</strong></span> <span class='ocrx_word' id='word_1_205' title='bbox 888 2747 1147 2813; x_wconf 89' lang='lat' dir='ltr'><strong>probatur</strong></span> <span class='ocrx_word' id='word_1_206' title='bbox 1194 2759 1259 2795; x_wconf 86' lang='lat' dir='ltr'><strong>ac</strong></span> <span class='ocrx_word' id='word_1_207' title='bbox 1312 2743 1682 2795; x_wconf 87' lang='lat' dir='ltr'><strong>manifestatur</strong></span> <span class='ocrx_word' id='word_1_208' title='bbox 1742 2744 1943 2795; x_wconf 88' lang='lat' dir='ltr'><strong>unitate</strong></span> <span class='ocrx_word' id='word_1_209' title='bbox 1994 2760 2099 2810; x_wconf 92' lang='lat' dir='ltr'><strong>qua</strong></span> <span class='ocrx_word' id='word_1_210' title='bbox 2148 2732 2504 2812; x_wconf 77' lang='lat' dir='ltr'><strong>particulares</strong></span> 
     </span>
     <span class='ocr_line' id='line_1_26' title="bbox 428 2836 2503 2907; baseline -0 -18"><span class='ocrx_word' id='word_1_211' title='bbox 428 2839 615 2906; x_wconf 91' lang='lat' dir='ltr'><strong>plebes</strong></span> <span class='ocrx_word' id='word_1_212' title='bbox 654 2839 761 2890; x_wconf 89' lang='lat' dir='ltr'><strong>suis</strong></span> <span class='ocrx_word' id='word_1_213' title='bbox 799 2839 1120 2907; x_wconf 90' lang='lat' dir='ltr'><strong>praepositis</strong></span> <span class='ocrx_word' id='word_1_214' title='bbox 1161 2836 1483 2901; x_wconf 86' lang='lat' dir='ltr'><strong>adhaerent,</strong></span> <span class='ocrx_word' id='word_1_215' title='bbox 1532 2853 1715 2888; x_wconf 89' lang='lat' dir='ltr'><strong>verum</strong></span> <span class='ocrx_word' id='word_1_216' title='bbox 1770 2852 1859 2904; x_wconf 90' lang='lat' dir='ltr'><strong>ea,</strong></span> <span class='ocrx_word' id='word_1_217' title='bbox 1914 2853 2019 2903; x_wconf 88' lang='lat' dir='ltr'><strong>qua</strong></span> <span class='ocrx_word' id='word_1_218' title='bbox 2058 2838 2354 2905; x_wconf 85' lang='lat' dir='ltr'><strong>praepositi</strong></span> <span class='ocrx_word' id='word_1_219' title='bbox 2401 2839 2503 2906; x_wconf 88' lang='lat' dir='ltr'><strong>ipsi</strong></span> 
     </span>
     <span class='ocr_line' id='line_1_27' title="bbox 426 2920 2502 2999; baseline -0 -16"><span class='ocrx_word' id='word_1_220' title='bbox 426 2949 529 2983; x_wconf 89' lang='lat' dir='ltr'><strong>una</strong></span> <span class='ocrx_word' id='word_1_221' title='bbox 569 2948 684 2984; x_wconf 91' lang='lat' dir='ltr'><strong>cum</strong></span> <span class='ocrx_word' id='word_1_222' title='bbox 724 2932 831 2983; x_wconf 92' lang='lat' dir='ltr'><strong>suis</strong></span> <span class='ocrx_word' id='word_1_223' title='bbox 871 2931 1115 2999; x_wconf 90' lang='lat' dir='ltr'><strong>plebibus</strong></span> <span class='ocrx_word' id='word_1_224' title='bbox 1165 2936 1342 2981; x_wconf 88' lang='lat' dir='ltr'><strong>mutuo</strong></span> <span class='ocrx_word' id='word_1_225' title='bbox 1394 2943 1578 2981; x_wconf 93' lang='lat' dir='ltr'><strong>omnes</strong></span> <span class='ocrx_word' id='word_1_226' title='bbox 1619 2929 1922 2997; x_wconf 83' lang='lat' dir='ltr'><strong>junguntur</strong></span> <span class='ocrx_word' id='word_1_227' title='bbox 1972 2929 2198 2982; x_wconf 88' lang='lat' dir='ltr'><strong>invicem</strong></span> <span class='ocrx_word' id='word_1_228' title='bbox 2245 2920 2502 2983; x_wconf 82' lang='lat' dir='ltr'><strong>invicem-</strong></span> 
     </span>
    </p>
   </div>
   <div class='ocr_carea' id='block_1_10' title="bbox 428 3025 899 3092">
    <p class='ocr_par' dir='ltr' id='par_1_10' title="bbox 428 3025 899 3092">
     <span class='ocr_line' id='line_1_28' title="bbox 428 3025 899 3092; baseline -0.002 -17"><span class='ocrx_word' id='word_1_229' title='bbox 428 3039 529 3089; x_wconf 91' lang='lat' dir='ltr'><strong>que</strong></span> <span class='ocrx_word' id='word_1_230' title='bbox 569 3025 899 3092; x_wconf 89' lang='lat' dir='ltr'><strong>copulantur.</strong></span> 
     </span>
    </p>
   </div>
   <div class='ocr_carea' id='block_1_11' title="bbox 377 3176 2501 3712">
    <p class='ocr_par' dir='ltr' id='par_1_11' title="bbox 430 3176 2501 3434">
     <span class='ocr_line' id='line_1_29' title="bbox 571 3176 2500 3247; baseline -0.001 -14"><span class='ocrx_word' id='word_1_231' title='bbox 571 3180 661 3233; x_wconf 85' lang='lat' dir='ltr'><strong>Ad</strong></span> <span class='ocrx_word' id='word_1_232' title='bbox 690 3183 848 3247; x_wconf 91' lang='lat' dir='ltr'><strong>haec,</strong></span> <span class='ocrx_word' id='word_1_233' title='bbox 888 3198 1002 3233; x_wconf 90' lang='lat' dir='ltr'><strong>eam</strong></span> <span class='ocrx_word' id='word_1_234' title='bbox 1042 3182 1297 3233; x_wconf 87' lang='lat' dir='ltr'><strong>unitatem</strong></span> <span class='ocrx_word' id='word_1_235' title='bbox 1351 3178 1737 3232; x_wconf 89' lang='lat' dir='ltr'><strong>efformandam</strong></span> <span class='ocrx_word' id='word_1_236' title='bbox 1785 3177 2229 3245; x_wconf 88' lang='lat' dir='ltr'><strong>efficiendamque</strong></span> <span class='ocrx_word' id='word_1_237' title='bbox 2269 3176 2500 3246; x_wconf 83' lang='lat' dir='ltr'><strong>Cypria-</strong></span> 
     </span>
     <span class='ocr_line' id='line_1_30' title="bbox 432 3269 2500 3342; baseline -0.001 -16"><span class='ocrx_word' id='word_1_238' title='bbox 432 3290 526 3326; x_wconf 90' lang='lat' dir='ltr'><strong>nus</strong></span> <span class='ocrx_word' id='word_1_239' title='bbox 565 3275 832 3342; x_wconf 84' lang='lat' dir='ltr'><strong>episeopis</strong></span> <span class='ocrx_word' id='word_1_240' title='bbox 872 3275 1160 3342; x_wconf 88' lang='lat' dir='ltr'><strong>praecipit,</strong></span> <span class='ocrx_word' id='word_1_241' title='bbox 1201 3290 1339 3342; x_wconf 85' lang='lat' dir='ltr'><strong>quae</strong></span> <span class='ocrx_word' id='word_1_242' title='bbox 1377 3274 1566 3326; x_wconf 91' lang='lat' dir='ltr'><strong>unitati</strong></span> <span class='ocrx_word' id='word_1_243' title='bbox 1591 3273 1937 3341; x_wconf 89' lang='lat' dir='ltr'><strong>episcopatus</strong></span> <span class='ocrx_word' id='word_1_244' title='bbox 1963 3269 2307 3338; x_wconf 87' lang='lat' dir='ltr'><strong>respondeat,</strong></span> <span class='ocrx_word' id='word_1_245' title='bbox 2346 3271 2500 3339; x_wconf 88' lang='lat' dir='ltr'><strong>cujus</strong></span> 
     </span>
     <span class='ocr_line' id='line_1_31' title="bbox 430 3366 2501 3434; baseline -0.001 -18"><span class='ocrx_word' id='word_1_246' title='bbox 430 3367 566 3418; x_wconf 87' lang='lat' dir='ltr'><strong>ratio</strong></span> <span class='ocrx_word' id='word_1_247' title='bbox 604 3383 706 3418; x_wconf 91' lang='lat' dir='ltr'><strong>una</strong></span> <span class='ocrx_word' id='word_1_248' title='bbox 740 3366 1031 3433; x_wconf 90' lang='lat' dir='ltr'><strong>eademque</strong></span> <span class='ocrx_word' id='word_1_249' title='bbox 1063 3368 1115 3418; x_wconf 91' lang='lat' dir='ltr'><strong>in</strong></span> <span class='ocrx_word' id='word_1_250' title='bbox 1155 3384 1214 3419; x_wconf 89' lang='lat' dir='ltr'><strong>se</strong></span> <span class='ocrx_word' id='word_1_251' title='bbox 1250 3368 1359 3434; x_wconf 76' lang='lat' dir='ltr'><strong>viS,</strong></span> <span class='ocrx_word' id='word_1_252' title='bbox 1417 3367 1486 3419; x_wconf 89' lang='lat' dir='ltr'><strong>ad</strong></span> <span class='ocrx_word' id='word_1_253' title='bbox 1525 3366 1720 3418; x_wconf 90' lang='lat' dir='ltr'><strong>multos</strong></span> <span class='ocrx_word' id='word_1_254' title='bbox 1752 3366 1926 3417; x_wconf 85' lang='lat' dir='ltr'><strong>tamen</strong></span> <span class='ocrx_word' id='word_1_255' title='bbox 1969 3380 2067 3432; x_wconf 91' lang='lat' dir='ltr'><strong>per</strong></span> <span class='ocrx_word' id='word_1_256' title='bbox 2107 3366 2292 3416; x_wconf 89' lang='lat' dir='ltr'><strong>orbem</strong></span> <span class='ocrx_word' id='word_1_257' title='bbox 2331 3369 2501 3415; x_wconf 89' lang='lat' dir='ltr'><strong>semet</strong></span> 
     </span>
    </p>

    <p class='ocr_par' dir='ltr' id='par_1_12' title="bbox 377 3453 2500 3712">
     <span class='ocr_line' id='line_1_32' title="bbox 377 3453 2500 3527; baseline -0 -18"><span class='ocrx_word' id='word_1_258' title='bbox 377 3453 393 3468; x_wconf 72' lang='lat'>⁶</span> <span class='ocrx_word' id='word_1_259' title='bbox 429 3458 699 3526; x_wconf 86' lang='lat' dir='ltr'><strong>protendit</strong></span> <span class='ocrx_word' id='word_1_260' title='bbox 746 3459 1026 3525; x_wconf 88' lang='lat' dir='ltr'><strong>multisque</strong></span> <span class='ocrx_word' id='word_1_261' title='bbox 1081 3460 1553 3512; x_wconf 87' lang='lat' dir='ltr'><strong>communicatione</strong></span> <span class='ocrx_word' id='word_1_262' title='bbox 1608 3459 1860 3527; x_wconf 88' lang='lat' dir='ltr'><strong>proprius</strong></span> <span class='ocrx_word' id='word_1_263' title='bbox 1924 3457 2010 3525; x_wconf 86' lang='lat' dir='ltr'><strong>fit,</strong></span> <span class='ocrx_word' id='word_1_264' title='bbox 2074 3464 2132 3509; x_wconf 90' lang='lat' dir='ltr'><strong>ut</strong></span> <span class='ocrx_word' id='word_1_265' title='bbox 2181 3472 2348 3525; x_wconf 90' lang='lat' dir='ltr'><strong>porro</strong></span> <span class='ocrx_word' id='word_1_266' title='bbox 2401 3473 2500 3524; x_wconf 87' lang='lat' dir='ltr'><strong>per</strong></span> 
     </span>
     <span class='ocr_line' id='line_1_33' title="bbox 429 3550 2499 3618; baseline 0 -19"><span class='ocrx_word' id='word_1_267' title='bbox 429 3551 576 3616; x_wconf 88' lang='lat' dir='ltr'><strong>ipsos</strong></span> <span class='ocrx_word' id='word_1_268' title='bbox 611 3566 640 3600; x_wconf 93' lang='lat' dir='ltr'><strong>e</strong></span> <span class='ocrx_word' id='word_1_269' title='bbox 681 3550 853 3601; x_wconf 86' lang='lat' dir='ltr'><strong>multis</strong></span> <span class='ocrx_word' id='word_1_270' title='bbox 892 3552 1083 3617; x_wconf 90' lang='lat' dir='ltr'><strong>ubique</strong></span> <span class='ocrx_word' id='word_1_271' title='bbox 1134 3568 1239 3603; x_wconf 90' lang='lat' dir='ltr'><strong>una</strong></span> <span class='ocrx_word' id='word_1_272' title='bbox 1277 3552 1572 3618; x_wconf 89' lang='lat' dir='ltr'><strong>eademque</strong></span> <span class='ocrx_word' id='word_1_273' title='bbox 1623 3551 1896 3604; x_wconf 88' lang='lat' dir='ltr'><strong>societatis</strong></span> <span class='ocrx_word' id='word_1_274' title='bbox 1949 3550 2276 3603; x_wconf 89' lang='lat' dir='ltr'><strong>credentium</strong></span> <span class='ocrx_word' id='word_1_275' title='bbox 2312 3551 2395 3600; x_wconf 90' lang='lat' dir='ltr'><strong>vis</strong></span> <span class='ocrx_word' id='word_1_276' title='bbox 2433 3564 2499 3601; x_wconf 90' lang='lat' dir='ltr'><strong>ac</strong></span> 
     </span>
     <span class='ocr_line' id='line_1_34' title="bbox 431 3640 2497 3712; baseline 0 -21"><span class='ocrx_word' id='word_1_277' title='bbox 431 3642 567 3692; x_wconf 88' lang='lat' dir='ltr'><strong>ratio</strong></span> <span class='ocrx_word' id='word_1_278' title='bbox 615 3642 935 3694; x_wconf 89' lang='lat' dir='ltr'><strong>efformetur.</strong></span> <span class='ocrx_word' id='word_1_279' title='bbox 1011 3640 1164 3695; x_wconf 90' lang='lat' dir='ltr'><strong>Unde</strong></span> <span class='ocrx_word' id='word_1_280' title='bbox 1220 3645 1367 3696; x_wconf 89' lang='lat' dir='ltr'><strong>clare</strong></span> <span class='ocrx_word' id='word_1_281' title='bbox 1424 3651 1600 3712; x_wconf 86' lang='lat' dir='ltr'><strong>patet,</strong></span> <span class='ocrx_word' id='word_1_282' title='bbox 1659 3644 2005 3696; x_wconf 89' lang='lat' dir='ltr'><strong>ecclesiarum</strong></span> <span class='ocrx_word' id='word_1_283' title='bbox 2058 3643 2311 3695; x_wconf 89' lang='lat' dir='ltr'><strong>unitatem</strong></span> <span class='ocrx_word' id='word_1_284' title='bbox 2369 3655 2497 3693; x_wconf 93' lang='lat' dir='ltr'><strong>con-</strong></span> 
     </span>
    </p>
   </div>
   <div class='ocr_carea' id='block_1_12' title="bbox 552 3870 999 3986">
    <p class='ocr_par' dir='ltr' id='par_1_13' title="bbox 552 3870 999 3986">
     <span class='ocr_line' id='line_1_35' title="bbox 552 3870 840 3926; baseline 0.003 -14"><span class='ocrx_word' id='word_1_285' title='bbox 552 3872 566 3897; x_wconf 88' lang='lat'>¹</span> <span class='ocrx_word' id='word_1_286' title='bbox 596 3870 738 3926; x_wconf 84' lang='lat' dir='ltr'><strong>Epist.</strong></span> <span class='ocrx_word' id='word_1_287' title='bbox 771 3872 840 3914; x_wconf 74' lang='lat'><strong>46.</strong></span> 
     </span>
     <span class='ocr_line' id='line_1_36' title="bbox 552 3943 999 3986; baseline 0.002 -1"><span class='ocrx_word' id='word_1_288' title='bbox 552 3943 568 3969; x_wconf 82' lang='lat'><strong>²</strong></span> <span class='ocrx_word' id='word_1_289' title='bbox 600 3943 663 3985; x_wconf 93' lang='lat' dir='ltr'><strong>De</strong></span> <span class='ocrx_word' id='word_1_290' title='bbox 696 3944 803 3986; x_wconf 87' lang='lat' dir='ltr'><strong>unit.</strong></span> <span class='ocrx_word' id='word_1_291' title='bbox 835 3943 999 3986; x_wconf 85' lang='lat' dir='ltr'><strong>eccles.</strong></span> 
     </span>
    </p>
   </div>
  </div>
 </body>
</html>
