2626 4432
122 1050 199 1084 Rei
221 1047 385 1083 natura.

67 2408 286 2495 Verbor¹um
302 2465 400 2494 con-

169 2507 296 2552 Γαείο.

1244 177 1464 235 -44
1539 156 1622 216 -’

402 339 648 410 profecto
686 335 845 386 homo
883 327 1184 383 rationalis:
1222 324 1320 377 sed
1359 323 1634 375 enimvero
1673 318 1792 387 quis
1815 284 1955 378 ‘e
1993 315 2231 369 intulerit
2265 314 2336 368 ad
2373 317 2472 369 ob-

403 430 645 484 tinendos
682 425 971 479 rationales
1011 420 1232 472 hominis
1267 417 1401 470 fines
1440 430 1613 481 neque
1652 412 1962 465 necessaria
2001 410 2124 478 plus
2162 408 2327 462 semel
2368 423 2469 477 op-

401 529 697 593 portunave
737 534 855 570 esse
892 515 1068 568 media
1113 509 1462 579 corporalia?
1524 500 1824 559 Immovero
1874 503 1992 571 quis
2037 500 2472 570 negaveritsad

401 612 749 676 invitandum,
790 607 1149 672 excitandum,
1185 596 2184 667 commovendum,compellendumque
2209 594 2510 652 hominem.

402 707 470 759 ad
510 703 930 773 prosecutionem
970 699 1147 751 finium
1199 694 1533 747 rationalium
1581 691 1724 744 haud
1774 706 1900 744 raro
1954 690 2141 742 valere
2189 688 2472 758 plurimum

402 799 784 867 plurimumque
836 794 1046 859 debita,
1100 790 1336 857 legitima
1381 794 1436 839 et
1488 785 1825 840 rationabilia
1864 784 2075 838 censeri
2122 789 2177 836 et
2225 781 2474 850 usurpari

402 892 575 944 media
613 908 645 943 a
674 905 807 959 pure
845 884 1191 939 rationalibus
1231 882 1391 950 plane
1430 878 1693 932 diversa?

546 1027 629 1078 52.
668 1023 952 1076 Enimvero
991 1021 1094 1072 huc
1131 1019 1363 1087 pertinet
1413 1033 1550 1084 quae
1591 1012 1802 1085 probe¹
1856 1013 2089 1068 tenenda
2140 957 2367 1065 hominis
2405 1027 2476 1063 ex

405 1120 575 1171 anima
613 1117 855 1170 rationali
904 1121 956 1167 et
995 1127 1224 1181 corpore
1273 1110 1532 1163 naturalis
1579 1109 1854 1177 synthesis
1904 1109 1956 1160 in
2010 1105 2199 1159 ordine
2251 1110 2478 1157 naturae

405 1220 561 1279 atque
601 1198 912 1264 creationis:
959 1209 1010 1259 in
1051 1207 1239 1259 ordine
1278 1219 1413 1256 vero
1453 1203 1772 1257 elevationis
1828 1202 2061 1268 itemque
2115 1197 2479 1269 reparationis
2565 1224 2567 1227 ·

405 1321 507 1357 non
548 1304 756 1371 quidem
789 1298 988 1374 φυσική
1026 1300 1122 1352 sed
1155 1293 1498 1370 ὑπερφυσική
1535 1296 1778 1365 ejusdem
1831 1313 1901 1348 ex
1940 1292 2275 1347 naturalibus
2324 1291 2480 1369 bonis

407 1398 667 1465 donisque
729 1396 1220 1464 supernaturalibus
1268 1410 1439 1462 prope
1494 1391 1774 1445 conflatio:
1840 1397 2000 1457 atque
2061 1390 2167 1441 huc
2223 1387 2480 1459 deinceps

407 1498 614 1560 spectat
664 1491 878 1559 sapiens
924 1489 1217 1542 mediorum
1270 1486 1338 1539 ad
1389 1485 1524 1538 fines
1575 1483 1842 1536 ordinatio
1897 1498 1962 1535 ac
2001 1481 2312 1550 dispositiO,
2370 1484 2479 1531 tum
2524 1481 2535 1522 f

409 1590 686 1637 accuratus
732 1590 785 1635 et
835 1583 1062 1650 diligens
1109 1581 1320 1633 illorum
1357 1574 1380 1609 2
1440 1578 1509 1630 ad
1559 1578 1659 1629 hos
1700 1558 2111 1643 consequendos
2150 1565 2294 1627 usus,
2368 1567 2480 1626 Sed

410 1678 553 1745 quod
588 1678 639 1729 in
674 1678 881 1730 homine
928 1676 1185 1743 singulari
1241 1689 1305 1726 ac
1342 1670 1618 1724 individuo
1658 1670 1936 1736 usuvenit,
1997 1668 2137 1721 idem
2190 1663 2303 1722 κατ’
2353 1661 2479 1721 ἅνα-

410 1769 593 1842 λογίαν
624 1772 693 1824 ad
728 1772 1006 1824 humanam
1046 1771 1359 1823 societatem
1398 1767 1755 1820 transferatur
1794 1771 2026 1835 oportet.

567 1980 707 2034 XIV.
747 1981 1010 2035 Romanae
1046 1981 1261 2035 unitatis
1298 1979 1583 2033 subiectum
1620 1992 1725 2031 non
1762 1980 1893 2031 meri
1928 1979 2052 2031 sunt
2087 1978 2317 2049 spiritus,
2390 2014 2393 2015 ν

560 2117 642 2170 53.
682 2115 835 2170 Unde
875 2117 1144 2185 colligitur
1182 2115 1270 2168 III.
1308 2113 1508 2167 Christi
1558 2113 1867 2181 ecclesiam,
1928 2112 2034 2166 hoc
2082 2119 2166 2165 est
2212 2101 2487 2166 romanam

414 2212 688 2278 unitatem,
728 2226 833 2263 non
872 2226 937 2263 eo
977 2226 1136 2263 sensu
1168 2209 1499 2277 spiritualem
1539 2224 1693 2276 esse,
1732 2208 1884 2276 quasi
1923 2207 2167 2277 ejusdem
2194 2206 2488 2260 auctoritas

414 2307 502 2358 vel
540 2306 666 2379 solis
705 2305 975 2373 spiritibus
1014 2305 1246 2373 praesit,
1308 2304 1597 2356 vel.suum
1644 2303 1855 2355 nonnisi
1904 2303 1958 2354 in
2009 2301 2176 2356 coelis
2231 2301 2488 2354 sortiatur
2536 2347 2539 2349 ,

416 2400 675 2452 effectum.
767 2397 911 2450 Sane
975 2397 1276 2466 gravissimi
1341 2412 1584 2464 erroreS‚
1654 2402 1815 2464 atque
1875 2395 2197 2451 detrimenta
2260 2396 2491 2450 omnium

416 2492 643 2544 maxima
695 2508 841 2544 suam
895 2491 1015 2560 plus
1066 2492 1232 2543 semel
1283 2490 1480 2544 debent
1533 2491 1793 2559 originem
1833 2491 2023 2544 abusui
2074 2506 2298 2557 vocum,
2353 2505 2492 2557 quae

416 2585 547 2636 nihil
582 2585 683 2636 nisi
719 2586 1029 2652 innocuum,
1071 2591 1230 2652 atque
1270 2584 1655 2638 consuetudine
1680 2591 1956 2654 receptum
1993 2586 2275 2654 praeferre
2301 2571 2492 2637 viden·
2577 2569 2582 2573 ⁸

417 2684 514 2730 tur.
593 2679 825 2732 Innocua
862 2694 971 2731 vox
1009 2684 1089 2731 est
1130 2679 1519 2746 Christiparae‚
1573 2678 1670 2731 sed
1709 2695 1775 2732 ea
1815 2681 2013 2732 abusus
2050 2678 2333 2731 Nestorius
2371 2676 2490 2731 uni-

418 2778 579 2824 tatem
614 2788 875 2840 personae
910 2771 1108 2825 Christi
1145 2773 1378 2840 negavit.
1456 2772 1691 2826 Innocua
1729 2773 2356 2838 voxoonsubstantialz‘S,
2395 2771 2491 2824 sed

419 2865 558 2916 illius
599 2867 765 2918 abusu
803 2866 997 2918 factum
1036 2875 1142 2934 est,
1205 2873 1263 2919 ut
1314 2866 1496 2918 divina
1542 2865 1775 2920 Trinitas
1827 2874 2180 2920 everteretur.
2257 2867 2493 2922 Innocua

419 2972 528 3009 vox
565 2958 812 3025 libertatis
848 2960 1133 3027 humanae,
1188 2959 1284 3011 sed
1333 2977 1403 3012 ex
1439 2977 1505 3013 ea
1548 2960 1926 3014 tumultuantes
1978 2960 2337 3028 collegerunt,
2393 2961 2494 3013 ho·

420 3050 586 3101 mines
623 3051 752 3102 nulli
796 3053 1060 3104 obnoxios
1123 3068 1244 3106 esse
1301 3054 1567 3122 superiori
1620 3056 1888 3122 potestati.
1956 3054 2201 3109 ‘innocua
2253 3060 2339 3106 est
2383 3068 2495 3106 vox

422 3144 711 3210 spiritualis
781 3160 897 3197 cum
951 3145 1019 3197 ad
1070 3147 1351 3199 ecclesiam
1407 3148 1671 3217 refertur,
1729 3147 1826 3200 sed
1885 3164 1951 3200 ea
2002 3147 2302 3201 hominibus
2353 3144 2494 3199 male

423 3237 565 3288 sanis
605 3238 935 3290 occasionem
973 3241 1222 3306 praebuit
1257 3242 1347 3293 vel
1384 3240 1813 3294 disseminandae
1851 3242 2173 3310 haereseOS,
2219 3240 2363 3309 quod
2402 3256 2496 3294 ec-

424 3330 587 3382 clesia
624 3331 692 3383 sit
724 3331 1025 3399 invisibilis,
1057 3335 1145 3386 vel
1184 3334 1302 3402 ejus
1323 3334 1640 3388 discriminis
1667 3336 1821 3388 inter?
1843 3335 2054 3388 civilem
2083 3341 2138 3387 et
2165 3327 2496 3388 ecclesiasti·
2581 3393 2585 3398 ,

425 3442 541 3479 cam
579 3427 887 3480 societatem
925 3427 1304 3495 constituendi,
1356 3427 1498 3496 quod
1550 3435 1605 3480 et
1653 3428 1722 3480 sit
1760 3428 2129 3495 falsissimum,
2179 3434 2234 3482 et
2290 3427 2361 3480 ad
2399 3429 2497 3487 ab·

425 3519 586 3572 surda
624 3536 866 3588 quaeque
906 3522 1240 3574 consectaria
1277 3521 1521 3574 deducat.
1598 3520 1735 3574 Sunt
1771 3522 1975 3590 itaque,
2022 3522 2112 3589 qui
2149 3537 2221 3574 ex
2258 3521 2363 3574 hac
2403 3520 2499 3574 de-

426 3613 781 3666 nominatione
818 3613 1090 3668 so'cietatis
1125 3618 1440 3683 spiritualiS‚
1475 3631 1612 3683 quae
1650 3616 1916 3669 ecclesiae
1941 3615 2218 3680 tribuitur,
2256 3612 2498 3682 inprimis

549 3835 565 3861 ¹
596 3834 662 3877 De
700 3835 788 3879 hac
819 3835 1114 3880 similitudine
1155 3833 1212 3880 cf.
1257 3836 1446 3881 Suares.
1476 3835 1508 3879 1.
1542 3849 1580 3881 c.
1621 3836 1652 3880 l.
1686 3837 1763 3882 IV.
1810 3849 1848 3881 c.
1881 3838 1922 3880 9.
1954 3848 1996 3880 n.
2028 3835 2070 3878 3.
2121 3832 2362 3890 Taparelli
2403 3832 2433 3877 l.
2462 3845 2502 3876 c.

434 3903 528 3947 vol.
560 3905 611 3949 ΙΙ.
643 3906 820 3951 adnott.
851 3906 961 3952 CIX.
994 3908 1087 3954 CX.

552 3976 570 4004 ²
599 3976 783 4023 videsis
813 3979 1051 4037 Taparelli
1081 3982 1112 4026 l.
1146 3993 1183 4027 c.
1214 3982 1388 4028 adnott.
1419 3983 1615 4028 Lxxm.
1647 3986 1695 4027 et
1723 3982 1923 4028 LXXtv.
