2716 4446
276 2967 467 2999 Rammius.

1437 131 1510 139 —
1560 98 1774 158 104—

747 243 796 295 6.
854 243 910 294 in
965 241 1336 312 praefinienda
1391 242 1536 313 apud
1591 241 1923 297 haesitantes
1980 243 2414 319 declarandaque
2451 248 2574 322 lege
2605 250 2643 323 ¹)

574 335 955 406 propagandae
995 334 1518 406 amplificandaeque
1561 335 1858 389 ecclesiae:

748 452 795 504 7.
849 450 902 503 in
941 451 1297 522 reprobandis
1339 450 1789 524 expellendisque
1827 454 1990 524 inpiis
2013 454 2059 525 2)
2110 462 2272 527 atque
2327 456 2645 512 haereticis:

746 565 793 618 8.
856 566 973 617 iure
1032 564 1267 635 denique
1326 583 1389 617 ac
1428 573 1722 636 potestate,
1783 586 1889 639 qua
1926 568 2069 622 bona
2107 571 2252 641 apud
2290 572 2576 626 ecclesiam
2599 573 2644 646 3)

570 667 790 729 recepta
845 666 898 711 et
937 657 1232 728 apostolico
1273 658 1646 712 administrata
1684 661 1908 715 consilio
1947 670 2238 734 tutaretur,
2291 666 2646 738 direptionem

569 751 784 805 illorum
824 751 1105 804 damnaret
1144 770 1207 804 ac
1245 751 1564 806 vindicaret.
1641 753 1890 809 Profecto

743 869 793 922 9.
833 867 902 921 ad
939 867 1157 920 Petrum
1216 867 1400 921 divino
1441 876 1588 922 certe
1640 879 1803 939 nutu,
1861 871 2063 926 Paulus
2087 873 2132 945 4)
2206 875 2529 947 accedebat,
2587 885 2647 932 ut

571 961 906 1032 apostolatus
951 965 1036 1015 sui
1091 964 1271 1033 gratia
1326 963 1599 1034 patefacta
1656 965 2002 1037 evangelium
2058 956 2328 1023 conferret
2384 983 2644 1044 suamque

571 1055 1028 1128 praedicationem
1067 1065 1268 1110 certam
1306 1057 1511 1111 faceret
1548 1057 1711 1130 atque
1737 1058 2044 1131 probatam:
2073 1069 2126 1115 et

746 1173 828 1228 10.
868 1173 1088 1227 Petrum
1114 1173 1403 1228 multitudo
1442 1173 1630 1246 populi
1654 1175 1697 1246 5)
1751 1178 2120 1232 concurrentis
2160 1162 2547 1248 circumdabat,
2587 1187 2647 1234 ut

569 1403 897 1411 —————-—-——-—

567 1554 849 1595 christianam
890 1554 1043 1596 salutis
1084 1556 1400 1609 oeconomiam,
1441 1560 1485 1597 et
1523 1558 1617 1611 ipse
1660 1557 1860 1611 capitalis
1901 1557 2026 1598 testis
2058 1557 2256 1610 praeibat
2284 1556 2482 1611 Romam,
2513 1561 2562 1599 ut
2592 1571 2647 1599 ex

565 1627 715 1668 mundi
747 1629 889 1681 capite
935 1629 1010 1669 lux
1048 1629 1151 1670 fidei
1189 1630 1271 1669 toti
1314 1633 1526 1670 terrarum
1569 1630 1663 1670 orbi
1694 1629 1951 1684 adfulgeret.
2002 1630 2040 1669 E
2073 1630 2230 1683 quibus
2261 1630 2344 1671 hoc
2375 1629 2562 1672 efficies:
2594 1631 2645 1672 In

564 1701 695 1741 Petro
726 1701 875 1754 itaque
917 1706 961 1743 et
1001 1716 1027 1743 a
1057 1703 1187 1744 Petro
1218 1702 1526 1756 Apostolorum
1560 1703 1702 1756 capite
1733 1702 1826 1743 solo
1859 1702 1987 1743 simul
2019 1703 2177 1756 omnia,
2207 1707 2255 1744 ut
2283 1717 2363 1758 par
2392 1707 2499 1756 erat,
2529 1716 2646 1744 com-

564 1773 740 1827 plentur
771 1777 814 1814 et
844 1774 890 1814 in
920 1778 1067 1815 actum
1098 1775 1396 1829 principaliter
1427 1775 1712 1827 deducuntur,
1746 1788 1858 1828 quae
1892 1775 2159 1816 coniunctim
2175 1775 2483 1830 Apostolorum
2514 1776 2645 1818 choro

563 1845 662 1889 Act.
694 1845 730 1888 Ι.
762 1844 803 1888 8.
835 1846 1051 1887 Dominus
1082 1847 1387 1900 praedixerat:
1431 1845 1651 1901 Λήψεσθε
1692 1845 1885 1896 δύναμιν
1918 1845 2193 1891 ἐπελθόντος
2222 1846 2310 1889 τοῦ
2341 1844 2475 1900 ἁγίου
2505 1846 2644 1890 πνεύ-

562 1928 710 1966 ματος
755 1912 819 1964 ἐφ’
864 1912 998 1966 ὑμᾶς,
1043 1917 1118 1958 καὶ
1164 1919 1318 1959 ἔσεσθέ
1361 1933 1444 1967 μοι
1487 1916 1716 1976 μάρτυρες·
1757 1920 1800 1960 ἔν
1844 1930 1894 1959 τε
1922 1915 2214 1975 Ἰερουσαλὴμ
2248 1920 2324 1960 καὶ
2355 1919 2399 1961 ἐν
2428 1918 2553 1978 πάσῃ
2582 1919 2644 1978 τῇ

560 1985 772 2044 Ἰουδαίᾳ
791 1990 866 2030 καὶ
885 1990 1131 2047 Σαμαρείᾳ
1148 1990 1224 2031 καὶ
1247 1989 1325 2034 ἕως·
1349 1985 1548 2039 ἐσχάτου
1570 1991 1653 2044 τῆς·
1672 1990 1773 2045 rtis:
1789 1991 2055 2045 „Accipietis
2075 1992 2280 2033 virtutem
2300 1994 2646 2046 supervenientis

565 2062 752 2117 Spiritus
781 2065 829 2104 in
859 2078 952 2117 vos,
985 2069 1028 2105 et
1058 2065 1178 2105 eritis
1209 2064 1316 2104 mihi
1346 2067 1481 2104 testes
1511 2064 1557 2103 in
1587 2063 1836 2105 Jerusalem
1867 2068 1911 2105 et
1939 2064 1986 2105 in
2016 2065 2134 2105 omni
2152 2063 2326 2106 Judaea
2354 2063 2427 2119 (ef.
2448 2064 2543 2106 Act.
2564 2064 2644 2109 IX.

562 2132 632 2179 31.
665 2136 784 2191 sqq.)
817 2140 861 2178 et
891 2136 1092 2178 Samaria
1123 2140 1168 2177 et
1198 2149 1339 2190 usque
1372 2135 1427 2177 ad
1458 2135 1657 2176 ultimum
1688 2139 1871 2188 terrae„

740 2230 775 2285 ¹)
807 2231 904 2274 Act.
936 2231 993 2275 X.
1025 2231 1103 2273 ΧΙ.
1136 2231 1232 2273 XV.
1267 2229 1306 2273 7.

737 2324 772 2380 2)
803 2326 900 2368 Act.
932 2326 1056 2369 VIII.
1088 2324 1128 2369 9.
1161 2338 1260 2379 sqq.

744 2419 779 2476 ³)
810 2420 909 2464 Act.
942 2422 1001 2465 ΙΙ.
1031 2420 1103 2463 45.
1132 2421 1208 2465 IV.
1240 2419 1312 2466 34.
1343 2422 1400 2465 V.

741 2515 773 2569 ⁴)
806 2516 904 2560 Gal.
936 2517 971 2558 Ι.
1004 2515 1071 2559 18.
1105 2516 1204 2558 coll.
1247 2516 1345 2560 Act.
1377 2517 1457 2560 ΙΧ.
1490 2514 1560 2559 26.
1593 2529 1689 2570 sqq.
1720 2515 1819 2560 Gal.
1851 2516 1907 2556 11.
1938 2514 1981 2557 2.
2014 2529 2111 2570 sqq.
2145 2515 2345 2556 Conferri
2383 2517 2506 2556 varia
2534 2515 2643 2557 haec

562 2589 660 2630 loca
689 2602 777 2630 non
806 2593 1002 2643 possunt,
1050 2589 1157 2642 quin
1201 2589 1565 2642 deprehendatur,
1613 2588 1746 2628 talem
1790 2588 1910 2629 Petri
1955 2588 2070 2628 inter
2098 2587 2331 2641 Apostolos
2362 2588 2642 2629 eminentiam

563 2661 814 2715 significari,
848 2675 934 2715 qua
964 2661 1102 2712 fieret,
1134 2665 1182 2702 ut
1213 2662 1308 2702 eius
1351 2662 1487 2702 solius
1518 2661 1757 2702 auctoritas
1786 2663 1909 2701 tanta
1938 2659 2186 2711 haberetur,
2218 2662 2382 2713 quanta
2410 2659 2640 2713 Apostolo-

562 2747 659 2774 rum
689 2733 1092 2787 discipulorumque
1124 2734 1217 2773 sive
1248 2728 1446 2786 plurium
1471 2733 1563 2773 sive
1592 2733 1849 2786 pauciorum
1880 2744 1979 2772 cum
2008 2732 2103 2784 ipso
2133 2731 2265 2772 Petro
2296 2731 2638 2775 coniunctorum.

562 2806 882 2860 Argumentum
912 2807 1047 2860 igitur
1077 2806 1376 2859 indiciumque
1407 2805 1698 2857 manifestum,
1736 2805 1867 2845 Petro
1910 2804 2168 2845 collocatam
2198 2804 2340 2858 ipsam
2370 2804 2639 2858 apostolatus

562 2880 745 2920 formam
776 2892 829 2919 ac
860 2892 1074 2919 summam
1104 2879 1254 2922 fuisse.

742 2965 773 3020 ⁵)
805 2965 902 3009 Act,
934 2967 987 3009 V.
1021 2965 1090 3009 13.
1125 2979 1188 3019 sq.
1220 2967 1287 3006 De
1319 2966 1387 3007 his
1434 2966 1551 3010 card.
1582 2967 1798 3007 Baronius
1830 2966 1886 3007 ad
1916 2979 1986 3008 an.
2017 2963 2089 3007 34.
2121 2978 2165 3008 n.
2198 2963 2297 3006 274.
2329 2978 2374 3019 p.
2405 2962 2504 3007 262.
2535 2968 2568 3009 t.
2598 2965 2635 3009 I.

564 3039 740 3092 egregie
773 3040 836 3079 sie
867 3039 1023 3079 habet:
1067 3039 1241 3091 „Quum
1278 3052 1383 3080 vero
1426 3052 1515 3079 non
1545 3039 1701 3080 Petrus
1732 3042 1915 3089 tantum,
1947 3037 2025 3078 sed
2055 3040 2098 3078 et
2130 3037 2264 3077 ceteri
2287 3036 2486 3090 Apostoli
2513 3037 2640 3079 Jero·

564 3112 742 3164 solymis
774 3116 932 3164 essent,
966 3112 1175 3165 quidnam
1206 3116 1284 3164 est,
1333 3112 1450 3165 quod
1490 3112 1606 3152 oculi
1649 3112 1844 3152 omnium
1876 3113 2191 3151 convertuntur
2219 3109 2267 3149 in
2295 3109 2506 3150 Petrum?
2537 3109 2641 3164 quid

561 3184 647 3224 ista
676 3185 721 3224 in
749 3183 907 3237 plateis
938 3185 1260 3237 aegrotantium
1293 3183 1516 3233 exhibitio,
1548 3187 1597 3224 ut
1627 3183 1831 3223 veniente
1861 3182 2008 3231 Petro,
2049 3181 2204 3222 umbra
2234 3181 2388 3222 saltem
2416 3181 2534 3222 illius
2563 3181 2639 3222 ob-

561 3256 784 3297 umbraret
815 3269 1077 3309 quemquam
1117 3256 1305 3309 illorum,
1349 3261 1392 3297 et
1430 3257 1724 3297 liberarentur
1765 3269 1915 3297 omnes
1955 3268 2045 3296 non
2074 3255 2130 3295 ab
2160 3267 2249 3296 uno
2279 3254 2352 3295 vel
2380 3253 2530 3304 altero,
2563 3254 2641 3296 sed

562 3328 618 3369 ab
650 3328 849 3369 omnibus
882 3329 1039 3381 quibus
1081 3331 1336 3370 tenerentur
1375 3328 1569 3369 morbis?
1611 3327 1740 3369 Certe
1782 3328 1959 3381 quidem
1999 3339 2087 3367 non
2129 3338 2208 3379 per
2247 3326 2428 3366 Petrum
2457 3329 2638 3379 tantum,

563 3399 640 3440 sed
668 3413 748 3453 per
778 3404 945 3440 ceteros
978 3400 1107 3440 etiam
1139 3400 1371 3454 Apostolos
1413 3400 1507 3441 fieri
1548 3400 1677 3440 solita
1707 3400 1835 3453 signa
1865 3403 1908 3440 et
1937 3398 2138 3452 prodigia
2166 3397 2281 3438 idem
2313 3397 2380 3452 (ut
2406 3410 2547 3451 nuper
2574 3399 2639 3439 vi-

563 3471 722 3525 dimus)
775 3472 850 3525 qui
896 3471 1005 3513 haec
1050 3472 1225 3525 scripsit
1267 3476 1451 3513 testatur
1496 3472 1654 3512 Lucas.
1707 3472 1871 3512 Verum
1917 3471 2030 3511 sieut
2072 3471 2185 3510 inter
2225 3482 2374 3510 omnes
2404 3469 2638 3523 Apostolos

563 3544 719 3585 Petrus
750 3557 776 3584 a
809 3543 984 3585 Christo
1028 3545 1215 3598 primatu
1255 3544 1300 3584 in
1342 3557 1491 3585 omnes
1534 3549 1600 3584 est
1639 3548 1808 3594 auctus,
1848 3544 1910 3584 ita
1940 3543 2070 3583 etiam
2100 3541 2393 3595 praeclariora
2425 3542 2638 3596 quaedam

565 3620 608 3657 et
636 3617 880 3670 insigniora
909 3617 965 3657 ab
997 3630 1049 3658 eo
1080 3618 1293 3658 miracula
1334 3618 1405 3658 edi
1436 3618 1662 3659 concessit.
1714 3616 1832 3656 Hinc
1863 3608 2001 3656 solius
2027 3613 2147 3654 Petri
2177 3612 2327 3665 fuisse,
2359 3626 2512 3655 curare
2542 3614 2635 3655 lan-

565 3694 749 3742 guentes
780 3690 937 3732 umbra
968 3691 1161 3744 corporis
1192 3691 1470 3741 transeuntis,
1503 3690 1607 3729 satis
1640 3687 1912 3742 evangelista
1942 3685 2150 3727 declarat.
2182 3684 2294 3725 Nam
2325 3685 2363 3725 si
2391 3685 2437 3725 id
2451 3685 2636 3738 Aposto-

565 3761 703 3801 lorum
737 3765 979 3802 ceteroruin
1011 3762 1168 3802 umbra
1198 3763 1499 3815 praestitisset,
1543 3761 1647 3814 quid
1684 3763 1810 3800 tanta
1850 3756 2115 3811 compressio
2144 3755 2190 3795 in
2221 3754 2488 3807 exponendis
2518 3756 2634 3797 infir-

565 3834 660 3884 mis,
699 3847 807 3886 quos
844 3834 965 3874 Petri
1006 3835 1273 3875 transeuntis
1314 3834 1469 3874 umbra
1509 3835 1711 3874 curaret?
1755 3831 1883 3873 Unde
1914 3830 2071 3870 Arator
2101 3829 2323 3879 diaconus,
2355 3828 2430 3880 qui
2459 3828 2636 3870 heroico

567 3905 756 3945 carmine
787 3905 938 3946 eadem
970 3907 1129 3948 cecinit
1156 3910 1256 3947 acta
1284 3905 1602 3960 Apostolorum,
1634 3904 1738 3946 dum
1767 3904 1822 3944 de
1850 3903 1918 3944 his
1948 3900 2040 3955 agit
2074 3901 2135 3942 ita
2165 3901 2364 3954 egregie:
