2742 4446
300 942 487 977 Novitas,

1349 216 1444 267 W*
1505 246 1540 279 Χ
1633 255 1698 261 ——-

505 407 790 461 illustribus
839 399 1099 454 ecclesiae
1153 393 1327 458 vi1·is.„
1406 385 1557 450 Quod
1611 381 1940 449 accepimus,
2002 374 2144 443 quod
2193 373 2560 443 praedicatum

508 520 751 589 quodque
789 515 1053 580 antiquum
1107 514 1214 570 est,
1257 504 1309 556 id
1361 500 1648 554 secundum
1697 493 1997 563 Apostolos
2027 488 2061 558 ¹,
2111 491 2402 544 secundum
2451 489 2564 543 Ire-

507 649 692 687 naeum
719 627 741 660 ²
777 644 840 680 ac
878 623 1254 678 Tertullianum
1282 616 1304 650 3
1341 621 1422 667 est
1460 613 1775 667 catholicum
1820 616 1874 662 et
1901 625 2100 662 verum.
2178 608 2317 662 Hinc
2350 609 2566 677 antiqua

508 743 766 812 Stephani
788 738 809 770 4
836 741 955 806 lege
983 741 1190 790 cautum
1213 738 1318 784 est:
1355 728 1526 798 „Nihil
1554 727 1838 778 innovetur
1858 723 1958 775 nisi
1985 722 2128 790 quod
2157 721 2407 775 traditum
2431 727 2562 791 est.„
2606 750 2614 759 -

646 921 692 975 5.
730 919 882 974 Haud
920 918 1109 985 ignoro
1150 911 1419 980 equidem,
1470 907 1719 976 opposita
1758 905 1863 957 illis
1902 905 2056 958 huius
2095 905 2352 975 temporis
2390 906 2567 960 studia

501 1040 716 1101 cuncta,
756 1032 942 1099 quibus
967 1040 1290 1097 progressus
1318 1023 1485 1075 omnis
1523 1035 1629 1072 non
1656 1037 1688 1071 a
1711 1019 1852 1071 iusta
1887 1024 2125 1070 veterum
2154 1020 2567 1088 continuatione,

500 1149 595 1202 sed
634 1150 700 1200 ab
739 1147 916 1212 iniqua
955 1159 1135 1197 eorum
1177 1138 1536 1192 destructione
1587 1140 1848 1204 captatur.
1922 1133 1993 1186 Et
2040 1141 2287 1204 captatur
2337 1136 2567 1205 quidem,

501 1280 565 1318 ac
602 1264 646 1315 si
684 1261 947 1314 hominum
989 1271 1268 1323 rerumque
1318 1258 1508 1305 natura
1565 1255 1618 1302 et
1657 1249 1791 1302 ordo
1829 1250 1883 1301 in
1922 1265 1981 1302 se
2014 1250 2124 1302 iam
2173 1250 2308 1303 alius
2342 1266 2568 1321 prorsus

501 1380 639 1431 foret
676 1392 739 1429 ac
775 1377 1071 1427 immutatus
1109 1371 1266 1439 plane
1317 1371 1383 1421 ab
1436 1382 1502 1419 eo
1542 1366 1630 1433 qui
1671 1372 1811 1432 erat,
1866 1381 2040 1433 neque
2079 1365 2302 1419 eaedem
2341 1367 2567 1437 amplius

501 1494 650 1559 leges
689 1488 953 1558 germanis
992 1487 1100 1538 suis
1139 1483 1583 1553 explicationibus
1635 1488 1984 1551 praeessent,
2007 1514 2010 1516 -
2036 1483 2275 1551 pristinis
2313 1484 2566 1551 moribus,

501 1606 706 1672 usibuS,
759 1601 1037 1668 methodiS,
1075 1600 1271 1653 normis
1311 1599 1537 1649 inversis
1577 1598 1890 1664 eversisque
1931 1598 2174 1651 omnibus
2212 1598 2267 1650 in
2306 1599 2563 1652 universa

502 1722 727 1773 humana
765 1720 872 1770 vita
912 1724 1016 1769 tam
1054 1715 1295 1768 familiari
1336 1731 1489 1782 quam
1529 1714 1740 1780 sociali,
1781 1721 1886 1766 tam
1928 1714 2074 1767 civili
2113 1730 2270 1782 quam
2309 1714 2567 1782 religiosa

504 1851 619 1887 cum
671 1832 988 1885 instituenda
1042 1837 1145 1883 tum
1209 1829 1505 1882 excolenda
1569 1829 2003 1896 exornandaque.
2078 1829 2216 1882 Hinc
2275 1829 2329 1880 in
2381 1829 2569 1882 ordine

502 1949 820 2020 θεωρητικῷ
857 1963 920 2000 ac
957 1946 1298 1999 intellectuali
1337 1946 1440 1997 alia
1479 1946 1688 2015 penitus
1729 1946 2042 2014 speculandi
2082 1948 2389 2016 principia,
2428 1949 2570 2002 unde

504 2078 674 2115 novae
724 2059 952 2134 θεωρίαι
1001 2077 1242 2128 novaque
1295 2068 1610 2130 systemata:
1672 2063 1778 2115 alia
1828 2064 1881 2115 in
1933 2064 2122 2118 ordine
2176 2066 2455 2140 πρακτικῷ
2502 2082 2569 2120 ac

503 2178 689 2230 morali
727 2179 823 2232 τοῦ
858 2172 1237 2248 καλοκιῖγαθοῦ
1273 2177 1646 2247 fundamenta,
1709 2179 1849 2232 unde
1889 2195 2031 2233 nova
2070 2195 2272 2253 morum
2312 2181 2570 2234 honestas

502 2308 797 2360 novumque
822 2294 902 2345 ius
933 2299 985 2345 et
1011 2309 1152 2346 nova
1173 2294 1399 2346 iustitia:
1430 2324 1497 2331 —
1529 2303 1584 2348 et
1610 2296 1663 2347 in
1703 2296 1891 2349 ordine
1930 2292 2249 2367 ὁντολογικῷ
2287 2313 2352 2350 ac
2392 2298 2571 2351 reali?

504 2408 555 2460 Is
593 2415 649 2460 ut
686 2410 906 2477 primum
946 2417 1089 2462 esset
1126 2427 1190 2463 ac
1222 2426 1385 2478 porro
1425 2412 1649 2464 exsistat
1689 2429 1864 2480 neque
1911 2413 2182 2481 pendebat
2221 2429 2394 2481 neque
2435 2430 2568 2482 pen-

505 2523 595 2575 det
640 2541 670 2574 a
719 2524 963 2576 secundis
1016 2525 1257 2577 humanis
1306 2527 1432 2578 licet
1480 2528 1678 2580 causis:
1734 2545 1902 2595 quare
1951 2534 2177 2597 tangere
2227 2528 2439 2595 quidem
2478 2530 2570 2581 vix

507 2642 597 2688 aut
633 2653 697 2687 ne
734 2636 824 2687 vix
864 2637 1070 2704 quidem
1109 2654 1318 2707 semper
1356 2642 1720 2694 extremitates
1748 2658 1955 2707 rerum,
1995 2643 2365 2711 superficiaria
2401 2659 2570 2712 opera

509 2755 785 2802 exstruere
810 2753 893 2803 vel
918 2755 1219 2806 convellere
1237 2756 1474 2809 homines
1495 2764 1745 2825 possunt,
1782 2776 1967 2812 verum
1992 2760 2228 2813 adiicere
2249 2757 2272 2790 5
2310 2761 2379 2813 ad
2402 2766 2571 2814 statu-

510 2881 621 2915 ram
646 2880 791 2917 suam
819 2868 1046 2919 cubitum
1073 2887 1254 2935 unum,
1293 2873 1661 2926 exsistentium
1693 2876 2104 2929 substantiarum
2139 2877 2244 2929 vim
2285 2877 2571 2929 rationem·
2650 2939 2655 2945 ¹

511 2995 610 3045 que
650 2981 761 3031 sive
799 2982 1072 3035 immutare
1110 2985 1222 3037 sive
1262 2986 1469 3055 delere,
1528 2990 1934 3059 ordinatumque
1983 2993 2192 3046 illarum
2233 3008 2444 3046 cursum
2481 2993 2572 3044 vel

510 3094 764 3162 impedire
801 3098 889 3148 vel
920 3102 1232 3165 perturbare
1261 3118 1365 3154 non
1391 3105 1595 3158 valent:
1636 3107 1761 3174 quid
1796 3108 2001 3174 igitur?
2041 3107 2347 3175 Cogitando
2377 3108 2567 3161 saltem

512 3211 931 3280 disputandoque
971 3217 1236 3284 antiquum
1288 3220 1354 3271 de
1404 3238 1580 3274 rerum
1620 3225 1915 3290 originibus
1959 3220 2138 3294 δόγμα
2174 3224 2430 3278 deserere
2470 3222 2567 3276 de-

514 3331 812 3393 sertumque
849 3332 1217 3395 pessumdare:
1270 3336 1511 3390 diversos
1563 3357 1737 3392 rerum
1778 3340 1994 3393 ordines
2045 3340 2271 3392 miscere
2320 3339 2567 3407 invicem,

515 3438 878 3493 discretionem
912 3459 1090 3497 eorum
1128 3449 1506 3521 interturbare,
1545 3456 1822 3524 ipsamque
1854 3457 1993 3510 adeo
2033 3456 2230 3534 entium
2266 3471 2356 3508 sus
2396 3455 2572 3523 deque
2610 3508 2611 3511 ,

634 3730 647 3757 ¹
680 3729 849 3775 Paulus
881 3733 909 3775 Ι.
943 3734 1047 3779 Cor.
1079 3736 1152 3780 XI.
1184 3740 1254 3782 23.
1283 3741 1518 3788 Johannes
1550 3747 1580 3789 Ι.
1614 3761 1682 3803 ep.
1720 3751 1741 3791 1
1775 3763 1876 3806 sqq.

632 3802 648 3828 2
678 3802 792 3846 Adv.
824 3805 949 3849 haer.
979 3806 1009 3848 1.
1041 3808 1109 3850 111.
1146 3823 1207 3853 cc.
1238 3815 1264 3854 2
1296 3827 1390 3871 sqq.
1427 3816 1457 3859 l.
1490 3818 1559 3861 lV.
1594 3833 1629 3863 c.
1662 3822 1732 3865 33.
1767 3821 1797 3865 1.
1831 3823 1883 3866 V.
1917 3835 1955 3867 c.
1987 3824 2057 3866 20.

633 3873 650 3901 ³
678 3874 742 3916 De
772 3879 1067 3935 praescriptt.
1097 3894 1159 3924 cc.
1195 3886 1374 3930 13—21.

630 3945 650 3974 4
688 3946 862 3992 Decret.
895 3962 992 3994 con.
1025 3953 1201 4011 rebaptt

633 4020 651 4048 ⁵
681 4019 836 4065 Matth.
867 4024 936 4067 VI.
967 4028 1036 4068 27.
1069 4027 1172 4071 Luc.
1203 4029 1294 4078 XII.
1326 4035 1394 4078 25.
