2716 4446
1078 141 1166 231 ’-,-,
1205 165 1331 257 457,
1360 196 1432 205 -

224 306 350 371 nam
391 308 678 371 ecclesiam
741 332 841 386 per
890 312 1112 378 beatum
1151 313 1372 366 Petrum
1409 311 1713 383 principem
1751 306 2156 381 Apostolorum,
2205 305 2298 378 qui

222 411 492 464 dominico
520 428 624 463 ore
662 410 955 480 primatum
995 407 1349 460 ecclesiarum
1390 406 1678 476 suscipere·
1705 399 2016 476 promeruit,
2059 402 2298 456 omnium

223 504 575 557 ecclesiarum
616 510 780 578 caput
843 520 980 570 esse,
1033 512 1086 556 et
1125 501 1194 555 ab
1234 521 1299 555 ea
1336 499 1718 554 rectitudinem
1756 508 1919 571 atque
1959 498 2204 553 ordinem
2242 498 2299 549 in'

141 644 144 648 .
222 600 430 652 cunctis
470 596 782 651 civitatibus
823 604 876 649 et
911 595 1297 649 ecclesiasticis
1335 594 1796 668 institutionibUS,
1825 612 1960 665 quas
1995 591 2298 645 ’secundum
2329 610 2563 642 Romanorum
2580 608 2648 640 Pa-

2313 656 2404 686 trum
2413 654 2546 685 sanctio
2553 652 2663 684 invio-

224 693 515 759 canonicas
562 690 945 763 etsynodicas
983 697 1407 761 sanctorumque
1459 689 1682 760 Patrum
1722 690 2032 742 sanctiones
2070 685 2411 740 inviola-Zabilz

221 785 423 855 biliter,
475 793 638 857 atque
688 783 1140 855 irrefragabiliter
1177 785 1451 853 retineret,
1509 786 1786 855 requirere
1846 789 1899 835 et
1940 781 2151 835 sectari.
2226 779 2300 832 Et

223 872 346 934 ideo
386 866 724 952 consequens
764 888 873 949 est,
937 886 997 931 ut
1044 879 1190 950 quod
1246 878 1314 931 ab
1370 878 1532 932 huius
1591 878 1736 931 sedis
1793 875 2106 931 rectoribus,
2137 873 2303 946 plena

226 960 548 1029 auctoritate
576 974 833 1042 sancitur,
873 973 1095 1033 nullius
1129 973 1538 1027 consuetudinis
1567 972 1968 1045 praepediente·
1999 970 2302 1038 occasione,
2368 987 2372 990 ’

226 1069 473 1140 proprias
530 1075 739 1145 tantum
805 1067 1082 1140 sequendo
1123 1066 1434 1127 voluntates
1486 1074 1839 1121 removeatur
1853 1084 1867 1139 3
1935 1065 2034 1119 sed
2095 1064 2305 1123 firmius

228 1171 390 1242 atque
430 1155 751 1216 inconcusse
789 1170 1089 1233 teneatur„
2247 1215 2250 1219 .

322 1307 326 1311 .
400 1258 524 1313 477.
561 1256 626 1310 Id
665 1255 812 1328 quod
840 1256 1056 1334 ‘obortis
1094 1257 1204 1309 iam
1242 1258 1300 1310 in
1340 1255 1524 1311 Gallia
1562 1256 1853 1329 dissidiis1)
1894 1254 1984 1309 vel
2032 1255 2165 1326 ipsa.
2192 1262 2308 1307 tum
2323 1262 2669 1340 Sorbonggbtrroses-

228 1352 696 1428 praestantissima
735 1349 1017 1404 Sor-bonae
1046 1360 1049 1362 ’
1074 1349 1306 1403 facultas
1344 1349 1565 1421 publice
1608 1344 2028 1421 solemniterque
2067 1348 2310 1420 'profiteri

230 1445 454 1515 solebat,
513 1463 679 1517 quum
738 1444 1063 1515 „laudabilis
1083 1445 1127 1516 9)
1191 1446 1248 1498 in
1287 1444 1569 1516 academia
1607 1445 1898 1515 parisiensi
1935 1445 2148 1515 vigeret
2185 1462 2313 1507 con<

227 1533 459 1593 suetudo
473 1579 487 1607 ‚
547 1536 654 1611 qua
709 1539 1058 1594 baccalaurei
1096 1539 1164 1592 de
1205 1522 1617 1612 quaestionibus
1656 1539 1977 1610 theologicis
2018 1539 2313 1592 solenniter

184 1700 194 1705 ,
227 1636 543 1706 responsuri
616 1621 1035 1705 protestationes
1093 1636 1461 1705 praemittunt,
1507 1653 1564 1687 se
1605 1633 1750 1687 nolle
1791 1633 2087 1706 quidquam
2127 1642 2315 1695 contra

194 1729 451 1784 -decreta
490 1739 708 1786 sanctae
765 1730 957 1785 Matris
1016 1729 1301 1799 ecclesiae,
1362 1748 1466 1784 nec
1504 1748 1613 1782 non
1654 1738 1876 1782 sanctae
1918 1729 2063 1782 sedis
2104 1728 2674 1807 aposto-Qgffiarfflfflgff

229 1825 366 1878 licae
425 1810 478 1879 et
531 1844 1091 1895 romanae-asserere,
1156 1833 1250 1879 aut
1306 1809 1615 1893 defendere,
1671 1832 1725 1877 et
1764 1825 1809 1876 si
1849 1810 1977 1896 quid
2038 1825 2096 1877 in
2161 1831 2315 1877 aestu
2396 1818 2611 1859 mandam·

216 1921 614 1993 ‚disputationis
671 1920 935 1974 adversus
976 1920 1242 1977 eiusmodi
1293 1921 1513 1974 decreta
1563 1920 1672 1972 illis
1699 1919 1995 1989 exciderit,
2035 1919 2127 1995 vel
2164 1919 2315 1990 igno-

232 2018 443 2070 rantiae
470 2016 559 2070 vel
587 2016 956 2069 immemoriae
984 2015 1074 2070 vel
1101 2016 1319 2087 linguae
1346 2017 1665 2088 praecipitio
1693 2015 2099 2069 attribuendum
2120 2013 2311 2084 velle„

403 2111 527 2165 478.
592 2109 701 2176 Sed
760 2130 923 2182 quam
983 2110 1090 2164 alte
1122 2150 1127 2151 ν
1159 2111 1328 2164 menti
1369 2112 1695 2182 .animoqu'e
1760 2109 2003 2163 fidelium
2068 2095 2316 2183 inpressa

139 2191 145 2200 Ἣ
230 2206 325 2281 illa
368 2206 647 2277 persuasio
707 2215 880 2275 esset,
941 2205 1078 2258 nihil
1135 2205 1442 2259 evidentius
1499 2205 1786 2277 patefacit,
1854 2224 2016 2278 quam
2064 2204 2208 2276 quod
2245 2203 2317 2257 ad

150 2287 594 2381 '2⁸Ludovicum‹
627 2300 978 2354 undecimum
1043 2307 1264 2354 senatus
1326 2301 1445 2372 ipse
1509 2299 1830 2372 parisiensis
1886 2291 2006 2372 per*
2046 2299 2316 2352 Joannem

232 2394 523 2473 Lozellier
576 2395 988 2467 inquisitionum
1012 2438 1025 2463 ‚
1103 2415 1263 2467 quem
1326 2404 1558 2464 vocant,
1628 2414 1875 2448 camerae
1945 2394 2254 2466 praesidem
2272 2391 2317 2464 ³)

234 2479 448 2544 edicere
498 2490 690 2542 iussit:
770 2490 1146 2560 „Protestatur
1210 2492 1360 2544 curia
1422 2498 1660 2544 vestrae*
1687 2490 1981 2557 Maiestati,
2048 2508 2106 2542 se
2163 2487 2313 2541 nullo
2336 2503 2680 2556 Sena-suffuratam-

232 2584 421 2652 modo,
487 2591 710 2656 propter
769 2603 1131 2656 quaecunque
1194 2567 1423 2638 inferius
1458 2571 1754 2654 dicenda,
1820 2567 1990 2639 velle!
2024 2582 2319 2638 excellenti
2474 2559 2537 2583 Μ’

235 2680 524 2747 sanctitati,
586 2679 857 2749 dignitati,
921 2679 1117 2747 honori¹
1171 2687 1224 2732 et
1253 2694 1257 2698 ’
1289 2679 1609 2734 authoritati
1661 2675 1845 2733 nostri
1900 2681 2076 2733 sancti
2138 2678 2317 2732 Patris

234 2773 455 2845 Papaes·
477 2781 807 2846 sanctaeque
837 2773 980 2826 'sedis
1008 2773 1340 2845 apostolicae
1369 2774 1659 2845 derogare3
1700 2774 1795 2828 sed
1836 2781 2024 2827 contra
2063 2775 2115 2826 ei
2149 2773 2318 2825 hono·

2414 708 2430 728 8
2458 699 2490 728 et
2514 697 2663 736 irrefra-

2413 740 2555 788 qabilis.

94 2861 96 2863 ’
168 2932 170 2935 .
212 2867 379 2946 rem,
417 2870 786 2922 reverentiam
827 2875 881 2921 et
920 2867 1305 2939 obedientiam,
1347 2887 1510 2941 quam
1549 2868 1739 2923 omnes
1766 2869 1898 2924 boni
1916 2868 2108 2922 fideles
2138 2867 2319 2921 catho-

241 3031 409 3038 φ--Φ-

365 3109 373 3115 “
414 3116 448 3172 ¹)
483 3111 652 3158 oborta
682 3118 797 3159 inter
836 3103 1135 3159 Alexandrum
1177 3118 1344 3172 Papam
1385 3123 1429 3160 et
1459 3118 1627 3172 Regem
1660 3117 2070 3162 christianissimum
2102 3115 2319 3157 discordia

239 3187 367 3232 1663.
398 3184 487 3230 iam
518 3203 668 3231 mense
699 3190 819 3231 Maio
850 3189 1011 3244 prodiit
1042 3191 1268 3232 decretum
1301 3192 1372 3232 cui
1402 3173 1579 3232 titulus:
1614 3192 1973 3243 „Declarationes
2005 3188 2155 3231 sacrae
2185 3190 2323 3242 facul-

238 3263 340 3303 tatis
371 3262 488 3316 apud
527 3262 696 3317 Regem
740 3263 1150 3308 christianissimum
1192 3278 1323 3319 super
1365 3265 1627 3319 quibusdam
1657 3262 2041 3318 propositionibus,
2066 3276 2184 3323 ’quas
2214 3276 2324 3304 non-

240 3333 351 3374 nulli
379 3334 465 3388 ipsi
493 3334 728 3393 voluerunt
773 3334 1079 3389 adscribere,‚:
1126 3341 1219 3377 tum
1265 3340 1346 3380 art.
1381 3337 1435 3379 V.
1485 3329 1769 3391 „Doctrinarn
1815 3336 2036 3378 facultatis
2085 3349 2173 3377 non
2214 3349 2324 3388 esse,

242 3406 359 3460 quod
389 3409 584 3448 summus
617 3407 823 3460 Pontifex
853 3408 909 3449 sit
940 3421 1073 3463 supra
1105 3410 1392 3462 concilium,‚:
1427 3413 1470 3450 et
1500 3410 1675 3453 art.VL
1709 3409 1837 3463 „Non
1859 3423 1956 3450 esse
1979 3409 2223 3450 doctrinam
2252 3408 2325 3449 vel

243 3477 412 3533 dogma.
431 3479 667 3532 facultatis,
710 3480 829 3534 quod
871 3478 1067 3521 summus
1098 3465 1306 3522 Pontifex
1345 3482 1469 3522 nullo
1502 3482 1989 3534 accedenteecclesiae
2021 3491 2240 3523 consensu
2272 3481 2329 3528 sit

243 3551 486 3610 infallibilis
507 3583 530 3605 „
564 3553 802 3593 Enimvero
833 3566 964 3594 nemo
994 3567 1083 3594 non
1116 3553 1250 3606 videt,
1281 3554 1408 3595 'unde
1449 3555 1633 3595 mutatio
1665 3557 1907 3596 sententiae
1938 3559 1981 3596 et
2013 3568 2126 3609 quae
2158 3554 2326 3596 dissen-

245 3623 379 3665 sionis
411 3626 533 3679 origo
563 3629 663 3679 post
692 3625 945 3667 unanimem
990 3631 1340 3680 praevertentem
1388 3628 1733 3669 consensionem.
1778 3626 1864 3667 Sed
1911 3627 1964 3668 de
1989 3618 2079 3668 ‘hac
2109 3626 2330 3680 gallicana

246 3699 503 3752 quaestione
536 3698 592 3742 cf.
623 3699 789 3754 praecl.
820 3699 1028 3753 periodic.
1066 3699 1137 3740 cui
1169 3700 1237 3743 tit.
1270 3700 1388 3752 „Der
1418 3699 1655 3754 Katholik„
1700 3701 1849 3745 fascic.
1881 3713 2019 3745 mens.
2052 3700 2189 3754 April.
2223 3699 2328 3740 Mai,

245 3772 350 3815 Jun.
384 3770 510 3815 1865.
541 3758 777 3826 Janssqq.
812 3770 939 3815 1866.
972 3771 1173 3826 Mogunt.
1206 3778 1276 3826 ap.
1308 3773 1579 3817 Kirchheim.

422 3845 456 3898 2)
487 3844 619 3899 Apud
648 3845 786 3889 Andr.
818 3845 980 3888 Duval.
1011 3845 1042 3888 l.
1074 3859 1110 3889 S.
1143 3859 1185 3898 c.
1216 3898 1218 3900 V

422 3918 457 3974 ⁸)
492 3919 560 3966 Cf.
612 3920 707 3964 Pet.
753 3920 941 3964 Putean.
987 3920 1033 3960 in
1072 3916 1245 3962 tractat.
1286 3921 1339 3962 de
1376 3921 1654 3964 libertatibus
1698 3923 1909 3965 ecclesiae
1957 3922 2202 3978 gallicanae
2244 3925 2327 3967 art.

247 3991 318 4040 20,
348 4009 418 4057 ap.
451 3996 620 4038 author.
652 3995 705 4037 de
738 3995 907 4041 cecum.
941 3989 1123 4057 named.¹
1146 3998 1286 4050 apost.
1319 3997 1524 4044 authorit.
1557 3996 1586 4041 l.
1619 4009 1657 4043 c,
1690 4010 1734 4042 n.
1768 3996 1838 4041 30.
2032 3989 2034 3991 θ

1978 4065 2046 4129 58,
2150 4070 2155 4074 ,
