2716 4446
984 186 1381 245 -119—

139 367 241 418 que
295 366 394 418 per
443 352 628 404 orbem
684 364 880 416 magno
935 362 1156 401 numero
1223 347 1490 400 exsistunt
1549 348 1879 417 episcopalis
1933 343 2224 399 cathedrae

138 443 390 496 doctores
449 448 503 494 et
549 448 826 511 pastores:
881 443 1186 512 junguntur
1234 447 1426 493 tamen·
1467 446 1629 508 atque
1671 441 1967 494 cohaerent
2014 440 2065 490 in
2118 456 2223 491 una

73 597 76 600 ,
136 554 357 592 romana
393 554 598 607 perque
636 554 911 591 romanam
951 536 1098 589 Petri
1137 534 1478 602 cathedram,
1520 536 1603 587 cui
1641 535 1856 587 innixae
1883 535 2224 600 insertaeque

137 619 320 685 omnes
347 647 414 684 ac
452 631 714 698 singulae,
755 647 1001 699 quaeque
1041 629 1205 682 avelli
1252 631 1319 681 ab
1358 629 1589 683 invicem
1629 635 1924 697 nequeunt,
1967 628 2066 680 nisi
2106 628 2224 680 basi

135 725 254 794 ipsa
291 724 519 793 ipsaque
553 723 830 791 crepidine
871 738 1066 776 eversa
1105 728 1265 789 atque
1305 722 1593 776 destructa.
1669 719 1747 774 At
1780 722 2055 775 enimvero
2093 737 2223 774 con-

99 809 220 871 'tra
258 822 463 886 petram
501 816 646 869 illam
682 834 749 870 ne
785 817 1027 870 infernae
1066 814 1509 885 quidemportae
1551 814 1967 884 praevalebunt!

283 959 400 1014 150.
437 958 483 1013 Ε
516 960 707 1028 quibus
731 959 898 1027 liquet
922 958 991 1012 ad
1017 958 1278 1011 rationem
1305 957 1655 1011 oeconomiae
1683 957 1985 1009 catholicae
2011 956 2220 1010 itidem·
2239 961 2494 1059 Ερὲῖξξέἑιῶ.
2519 962 2559 997 et

134 1069 236 1121 que
274 1068 530 1106 romanae
567 1053 710 1121 quod
739 1057 965 1121 spectat,
998 1051 1430 1119 distinguendum
1459 1067 1582 1103 esse
1607 1051 1976 1119 episcopatum
2003 1050 2140 1102 inter
2168 1056 2222 1102 et
2242 1065 2500 1101 Doctoratus
2521 1066 2561 1101 et

131 1147 271 1200 inter
307 1147 614 1215 episcopOS,
647 1146 959 1200 doctoratus
985 1151 1039 1198 et
1065 1145 1333 1211 doctoreS,
1370 1147 1682 1212 pastoratus
1716 1157 1781 1194 ac
1807 1146 2071 1210 pastores,
2124 1142 2222 1194 Ille
2242 1117 2501 1204 ραῖἶξῖἶῖἷιζ
2523 1169 2564 1204 et

132 1241 334 1295 unitate
371 1241 612 1294 excellit:
652 1240 707 1292 hi
745 1256 878 1293 vero
906 1239 1298 1294 multitudinem
1333 1238 1678 1292 constituunt.
1754 1237 1836 1290 Ne
1866 1243 2045 1289 tamen
2083 1236 2225 1288 illius
2290 1219 2498 1265 ''³⁸⁶⁰r03·

132 1335 349 1389 unitatis
386 1335 685 1388 rationibus
723 1351 786 1388 ac
824 1334 1021 1388 finibus
1054 1333 1108 1385 hi
1161 1333 1313 1386 multi
1363 1332 1565 1398 obsint,
1619 1331 1719 1384 sed
1768 1331 1947 1400 potius
1996 1345 2224 1398 respon-

133 1429 327 1494 deant,
376 1430 583 1481 romani
633 1430 882 1481 antistitis
926 1427 1312 1497 praerogativa
1362 1424 1616 1478 efficitur:
1669 1442 1735 1477 ea
1783 1440 2010 1492 namque
2060 1423 2119 1475 fit
2170 1429 2227 1474 ut

131 1538 266 1574 unus
304 1539 373 1574 ex
405 1522 592 1575 ordine
634 1523 1010 1591 episcoporum
1050 1521 1270 1589 reliquis
1297 1516 1317 1549 ¹
1354 1519 1586 1589 praesit,
1626 1525 1682 1571 ιιι
1719 1535 1857 1572 unus
1897 1518 1964 1570 sit
1991 1518 2222 1569 omnium

134 1623 296 1685 caput
334 1632 661 1684 supremum,
702 1624 760 1668 ut
798 1619 866 1670 ab
907 1631 1011 1669 uno
1049 1616 1239 1683 reliqui
1278 1629 1463 1667 omnes
1502 1612 1863 1682 dependeant.

276 1770 565 1825 Praeclare
616 1770 730 1824 1⁴⁶⁰
761 1767 816 1824 ²²
895 1772 1081 1842 „Haeo
1141 1772 1407 1826 connexio
1468 1772 1630 1825 totius
1697 1770 1909 1840 quidem
1973 1771 2219 1840 corporis
2238 1781 2436 1851 Potestas·
2461 1782 2581 1842 arag-

130 1866 527 1919 unanimitatem
567 1867 806 1934 requirit,
846 1866 943 1920 sed
969 1867 1266 1937 praecipue
1293 1867 1462 1936 exigit
1487 1866 1834 1920 concordiam
1860 1842 2305 1933 sacerdotum‚²²²⁸
2339 1834 2458 1921 ⁰212?
2459 1834 2580 1879 ‘mm‘

131 1958 322 2025 quibus
360 1973 478 2011 cum
519 1956 752 2025 dignitas
784 1959 854 2011 sit
890 1960 1212 2027 communiS,
1251 1976 1356 2013 non
1383 1964 1467 2011 est
1491 1966 1666 2013 tamen
1694 1959 1830 2013 ordo
1859 1956 1882 1991 3
1918 1959 2219 2028 generalis:

132 2053 380 2120 quoniam
420 2058 474 2105 et
497 2052 636 2104 inter
674 2053 1013 2105 beatissimos
1052 2050 1355 2122 Apostolos
1388 2054 1440 2105 in
1480 2054 1820 2107 similitudine
1859 2053 2083 2106 honoris
2121 2053 2220 2106 fuit
2238 2072 2319 2108 Leo
2349 2074 2407 2109 M.

131 2145 393 2214 quaedam
432 2145 687 2199 discretio
738 2147 1046 2215 potestatiS,
1102 2153 1157 2199 et
1203 2162 1320 2200 cum
1374 2147 1602 2200 omnium
1655 2164 1756 2216 par
1816 2153 1962 2200 esset
2007 2147 2221 2214 electi0,

131 2240 221 2293 uni
263 2245 457 2292 tamen·
489 2240 668 2293 datum
718 2249 799 2293 est
851 2247 909 2294 ut
947 2242 1178 2294 caeteris
1208 2238 1231 2271 4
1281 2242 1691 2310 praeemineret.
1767 2241 1846 2294 De
1898 2258 2001 2309 qua
2046 2242 2221 2294 forma

131 2339 344 2401 quoque
379 2334 757 2403 episcoporum
798 2341 881 2387 est
921 2341 1041 2388 orta
1081 2337 1376 2404 distinctio,
1409 2344 1463 2390 et
1501 2354 1697 2405 magna
1725 2337 2062 2398 ordinatione
2090 2353 2218 2405 pro-

131 2427 302 2480 visum
343 2434 450 2494 est,
481 2445 549 2480 ne
589 2445 774 2482 omnes
810 2429 910 2483 sibi
949 2431 1126 2483 omnia
1165 2432 1532 2494 vindicarent,
1585 2432 1683 2483 sed
1722 2437 1905 2484 essent
1942 2432 1996 2483 in
2035 2432 2218 2498 singu-

132 2519 199 2573 lis
237 2522 529 2590 provinciis
571 2522 797 2591 singuli,
851 2539 1074 2591 quorum
1121 2526 1262 2578 inter
1300 2526 1498 2579 fratres
1536 2526 1828 2579 haberetur
1877 2526 2051 2594 prima
2092 2541 2215 2579 sen-

253 2764 267 2791 ¹
299 2763 458 2808 Voluit
489 2776 605 2823 ergo
637 2765 853 2812 Christus
878 2782 1015 2826 quum
1046 2782 1183 2814 unum
1214 2768 1484 2814 institueret
1514 2768 1864 2826 episcopatum,
1896 2772 1949 2814 ut
1978 2772 2218 2826 potestate

133 2833 308 2878 ordinis
338 2848 479 2892 pares
511 2840 670 2881 essent
700 2838 909 2897 episcopi
940 2854 1120 2885 omnes:
1156 2845 1395 2899 potestate
1426 2856 1542 2887 vero
1570 2842 1810 2901 regiminis
1843 2857 1960 2887 unus
1984 2846 2216 2900 tamquam

131 2911 273 2965 caput
309 2909 520 2953 omnibus
554 2907 906 2968 praeficeretur.
967 2913 1084 2958 Hinc
1116 2915 1380 2973 Cyprianus
1412 2916 1457 2959 in
1491 2928 1619 2960 conc.
1652 2918 1865 2974 carthag.
1900 2928 2059 2960 coram
2096 2916 2218 2972 epis·
2237 2932 2484 2978 cyprianus.

131 2979 262 3036 copis
294 2980 536 3041 octoginta
569 2986 768 3040 septem:
819 2984 1005 3043 „Neque
1047 2986 1166 3032 enim
1205 2989 1433 3047 quispiam
1464 2993 1674 3034 nostrum
1705 2990 1973 3047 episcopum
2021 3003 2072 3033 se
2113 3002 2218 3033 esse

113 3052 458 3110 ‘episcoporum
492 3055 768 3112 constituat,
815 3062 896 3102 aut
947 3060 1190 3117 tyrranico
1229 3065 1414 3106 terrore
1460 3063 1520 3107 ad
1563 3063 1847 3120 obsequendi
1889 3062 2217 3108 necessitatem

132 3124 344 3183 collegas
372 3139 482 3191 suos
514 3127 696 3186 adigat,
740 3131 923 3187 quando
954 3132 1126 3178 habeat
1154 3134 1306 3177 omnis
1339 3123 1587 3192 episcopus
1619 3147 1708 3192 pro
1749 3134 1940 3179 licentia
1980 3134 2215 3179 libertatis

133 3199 181 3240 et
209 3198 460 3254 potestatis
488 3213 603 3245 suae
634 3201 878 3247 arbitrium
913 3205 1180 3267 proprium,
1220 3209 1404 3264 tamque
1438 3207 1645 3266 judicari
1683 3208 1742 3252 ab
1783 3207 1880 3254 alio
1912 3221 2006 3252 non
2048 3208 2215 3265 possit,

133 3269 268 3324 quam
307 3283 390 3313 nec
433 3270 535 3328 ipse
566 3273 724 3329 potest
763 3276 962 3321 alterum
998 3278 1255 3338 judicare„
1317 3280 1541 3325 Nimirum
1581 3295 1674 3326 non
1721 3295 1854 3326 secus
1895 3295 1951 3326 ac
1990 3281 2213 3340 Apostoli

133 3339 464 3401 sepositoguno
494 3342 636 3388 Petro
668 3359 827 3391 omnes
858 3349 1079 3405 aequales
1112 3356 1259 3409 erant,
1291 3353 1359 3398 ita
1382 3353 1594 3412 episcopi
1618 3358 1850 3412 tamquam
1874 3344 2215 3413 Apostolorum

79 3438 83 3439 ν
135 3421 430 3455 successores
461 3410 509 3456 vi
538 3415 823 3473 episcopalis
865 3420 1173 3467 ordinationis
1221 3437 1356 3482 quam
1403 3425 1608 3470 eamdem
1640 3440 1800 3470 omnes
1847 3427 2038 3483 perinde
2071 3425 2215 3470 susci-

136 3481 289 3562 piunt,
338 3496 497 3540 parem
527 3489 855 3548 aequalemque
885 3495 1081 3551 gradum
1113 3494 1457 3555 consequuntur
1487 3499 1740 3556 eademque
1773 3501 2073 3556 episcopatus
2107 3511 2214 3542 auc-

135 3557 325 3599 tontate
357 3556 416 3600 ad
446 3558 604 3604 eadem
643 3560 853 3606 obeunda
887 3566 1046 3628 ,munia
1085 3568 1286 3624 pollent:
1330 3585 1478 3628 porro
1521 3576 1572 3616 ut
1612 3573 1910 3630 episcopatus
1950 3571 2077 3617 ferat
2118 3571 2215 3616 uni-

134 3626 243 3706 tatis
273 3624 453 3673 fructus
484 3631 646 3676 eodem
678 3633 916 3690 cypriano
948 3640 1068 3682 teste
1099 3639 1158 3684 ab
1198 3653 1290 3684 una
1320 3656 1514 3688 romana
1555 3643 1757 3688 ecclesia
1787 3645 2087 3703 episcopatus
2122 3645 2214 3692 orie

134 3711 287 3756 gmem
319 3703 645 3762 exordiumque
677 3706 815 3752 ducit.
1365 3717 1369 3719 ”
1410 3718 1416 3720 ’

254 3775 272 3802 ²
301 3775 372 3818 Ad
401 3777 561 3822 Anast.
595 3779 849 3827 thessalon.
883 3797 955 3842 ep.
988 3772 1082 3834 xn.

252 3847 270 3876 3
300 3847 523 3908 Intelligit
562 3854 812 3908 potestatis
857 3855 1197 3903 distinctionem
1238 3873 1331 3905 non
1369 3860 1615 3907 discrimen
1660 3863 1865 3921 ordinis,
1913 3877 2045 3922 quem
2085 3877 2208 3910 com-

131 3933 308 3965 munem
339 3935 443 3966 esse
475 3922 835 3983 significaverat.

248 3994 269 4025 ⁴
302 3995 489 4042 Gemina
520 3999 662 4045 habet
684 4000 845 4048 Isidor.
876 4003 1043 4062 hispal.
1074 4018 1146 4064 ep.
1178 4006 1237 4051 ad
1268 4007 1442 4067 Eugen.
1474 4008 1607 4054 tolet.
