2626 4432
133 1492 338 1536 Infertur.

1217 156 1573 211 *24-

380 333 529 378 tenus
574 324 665 374 illa
703 322 928 374 civitatis
963 318 1262 371 conditione
1302 314 1598 381 gaudebat,
1640 327 1825 363 norma
1860 312 1991 363 iuris
2033 311 2277 364 humana.
2334 308 2438 363 At-

381 418 467 484 qui
493 431 707 467 normae
742 414 869 464 iuris
897 412 1085 477 cuique
1125 425 1220 460 sua
1255 405 1548 474 respondet
1586 405 1723 456 ratio
1763 404 1942 471 officii,
1974 403 2311 456 custodiendi
2347 404 2440 457 illa

380 516 538 575 atque
574 505 768 558 tuendi.
844 501 1091 570 Apparet
1129 515 1262 567 ergo
1301 498 1510 566 quantis
1548 497 1846 549 nominibus
1884 512 1952 549 ac
1990 497 2155 549 titulis
2182 496 2441 550 eiusmodi
2507 507 2511 510 ’

380 599 559 651 officia
596 596 736 665 apud
775 611 868 648 eos
908 594 1095 660 quibus
1133 592 1438 643 incumbunt
1479 594 1787 656 urgeantur.
1864 587 1992 640 Tum
2034 591 2278 657 apparet,
2315 591 2443 645 licet

377 692 513 741 inter
566 689 692 740 iuris
741 686 1007 751 officiique
1045 684 1223 735 titulos
1273 681 1535 733 exsistant
1585 680 1906 748 quandoque
1944 683 2252 750 mutabileS,
2302 684 2444 737 inter

379 781 669 835 recensitos
707 787 879 830 tamen
913 777 1092 829 titulos
1134 776 1219 842 qui
1250 774 1318 826 ad
1357 775 1640 827 ecclesiam
1679 780 1942 843 spectant,
1981 777 2334 830 immutabiles
2372 794 2443 830 ex

378 890 496 935 sese
534 889 653 925 esse
692 886 1005 939 semperque
1043 873 1326 935 urgenteS‚
1381 866 1552 933 qualis
1606 872 1659 918 et
1709 867 1755 918 is
1805 874 1887 919 est
1926 884 2081 936 quem
2122 851 2167 922 e.
2190 870 2306 922 iure
2345 888 2442 924 na-

378 972 528 1018 turae
592 964 1027 1033 deprompsimus.
1101 959 1283 1028 Atque
1332 960 1456 1011 hinc
1501 957 1713 1011 tandem
1764 970 2027 1030 apparet,
2084 965 2286 1017 iuribus
2338 964 2443 1017 illis

379 1059 673 1124 officiisque
711 1057 887 1108 resisti
926 1071 1031 1107 non
1071 1070 1255 1123 posse,
1305 1055 1428 1121 quin
1469 1055 1718 1107 rationali
1755 1056 1858 1123 ipsi
1905 1062 2130 1109 naturae
2166 1057 2444 1124 insitisque

379 1153 549 1205 eidem
586 1152 712 1204 iuris
746 1149 1018 1219 principiis
1050 1155 1392 1216 repugnetur.

739 1349 833 1404 IX.
874 1351 1109 1404 Romana
1147 1353 1321 1404 unitas
1355 1351 1529 1405 aliena
1567 1356 1642 1404 est
1678 1366 1712 1404 a
1751 1351 2083 1404 democratia.

521 1485 603 1537 36.
643 1481 1090 1536 Corollarium
1128 1482 1219 1533 IV.
1259 1481 1341 1533 Ex
1379 1483 1784 1549 inaequalitate,
1826 1497 1982 1548 quam
2010 1496 2233 1533 romana
2273 1480 2447 1534 socie-

377 1582 459 1629 tas
499 1592 594 1627 sua
630 1581 819 1627 natura
858 1575 984 1627 dicit
1036 1576 1344 1628 necessario
1383 1575 1610 1627 infertur
1661 1574 1700 1626 Ι.
1754 1574 1882 1640 vim,
1941 1573 2270 1642 praesidium
2309 1579 2448 1626 tute-

380 1671 588 1736 lamque
640 1668 756 1737 ejus
796 1669 1123 1720 commissam
1178 1682 1284 1719 non
1336 1683 1457 1720 esse
1511 1668 1772 1720 communi
1810 1666 2047 1719 fidelium
2101 1668 2279 1720 coetui
2333 1666 2450 1718 sive

382 1761 699 1814 christianae
727 1758 1071 1833 δημοκρατίᾳ,
1110 1777 1266 1828 quum
1294 1761 1620 1814 credentium
1647 1761 1878 1829 populus
1908 1761 2130 1813 inferior
2157 1761 2450 1815 obnoxius-

113 1863 339 1898 Distinctio
386 1870 487 1920 que
525 1853 760 1905 exsistat.
835 1851 978 1905 Sane
1013 1852 1279 1907 Christum
1329 1855 1567 1907 noluisse
1611 1860 1669 1907 ut
1716 1871 1815 1907 sua
1852 1839 2086 1908 ecclesia
2124 1853 2451 1926 δημοκρατι-

124 1913 331 1955 classium.

124 2151 341 2187 Eusebius.

385 1946 490 2008 κῶς
526 1952 828 2014 regeretur,
868 1947 1041 1999 omnia
1078 1950 1332 2015 probant:
1383 1949 1552 2001 verba
1588 1948 1960 2014 institutioniS,
2012 1947 2230 2002 oracula
2267 1953 2450 2016 gesta-

386 2054 488 2105 que
525 2037 935 2108 Apostolorum,
977 2041 1209 2094 disertae
1236 2042 1457 2094 Patrum
1489 2042 1814 2108 sententiae,
1853 2048 2012 2109 atque
2037 2041 2289 2093 universa
2309 2039 2451 2093 chri-

384 2132 536 2183 stiani
575 2133 795 2184 nominis
834 2134 1070 2186 historia.
1146 2132 1237 2188 Ad
1277 2152 1388 2187 rem
1432 2135 1696 2188 Eusebius
1726 2132 1769 2187 1:
1826 2134 1994 2203 „Tres
2043 2135 2096 2186 in
2131 2150 2451 2202 unaquaque

383 2224 612 2278 ecclesia
650 2226 887 2294 ordineS,
936 2228 1135 2295 primus
1177 2228 1387 2295 quidem
1427 2230 1884 2299 praepositorum,
1939 2228 2045 2295 duo
2093 2243 2226 2280 vero
2266 2242 2451 2279 eorum

385 2319 470 2385 qui
509 2320 559 2369 in
598 2317 792 2371 Christi
832 2321 1060 2373 ecclesia
1099 2323 1318 2373 obnoxii
1367 2329 1489 2374 sunt
1539 2323 1592 2373 in
1645 2322 1781 2374 duos
1819 2337 2026 2374 rursum
2066 2320 2283 2373 ordines
2323 2319 2451 2372 diri-

387 2412 599 2478 bentur,
638 2410 691 2462 in
724 2429 839 2464 eum
880 2414 1080 2466 scilicet
1120 2415 1207 2481 qui
1246 2413 1482 2467 fidelium
1522 2422 1634 2483 est,
1682 2422 1736 2467 et
1780 2416 1833 2467 in
1873 2429 2057 2467 eorum
2097 2414 2182 2481 qui
2221 2412 2452 2486 nondum

387 2504 605 2556 lavacro
648 2508 1066 2573 regenerationis
1106 2508 1309 2575 dignati
1334 2509 1597 2577 fuerunt„
1649 2509 1717 2562 Et
1745 2505 1767 2539 ²
1802 2509 1967 2561 idem:
2011 2506 2247 2576 „Civitas
2272 2513 2451 2559 terrae

387 2598 662 2649 vocabitur
701 2615 804 2650 una
841 2601 1041 2652 civitas.
1123 2602 1247 2670 Ipsa
1297 2603 1495 2672 quippe
1552 2603 1669 2656 sola
1714 2605 1768 2655 in
1828 2603 2082 2655 universa
2135 2607 2282 2653 terra
2335 2599 2450 2652 Deo

388 2690 575 2741 civitas
614 2692 971 2759 constituitur,
1024 2695 1098 2745 ita
1150 2701 1208 2746 ut
1237 2691 1259 2725 ³
1297 2694 1365 2746 de
1410 2695 1502 2747 illa
1541 2695 1778 2761 dicatur,
1834 2693 2083 2746 Gloriosa
2117 2692 2276 2746 ‚dicta
2329 2698 2453 2745 sunt

389 2781 455 2833 de
511 2788 588 2849 te,
643 2784 827 2835 civitas
884 2786 992 2838 Dei.
1069 2787 1309 2855 Quinque
1359 2795 1534 2841 autem
1581 2788 1827 2841 civitates
1869 2787 1920 2838 in
1972 2786 2205 2840 ecclesia
2259 2784 2470 2838 fuerintv

391 2875 637 2928 diversae
674 2877 892 2929 instituti
930 2886 982 2931 et
1020 2879 1183 2933 officii
1220 2882 1451 2934 ratione:
1493 2883 1722 2949 quinque
1760 2883 1898 2934 enim
1936 2881 2151 2935 ordines
2176 2870 2452 2946 distinctos

511 3137 526 3164 ¹
556 3138 860 3184 Demonstrat.
894 3154 965 3185 ev,
991 3142 1028 3184 l.
1058 3142 1151 3186 Vll.
1186 3156 1222 3188 c.
1255 3146 1294 3187 1.
1356 3149 1471 3205 Τρία
1501 3144 1612 3190 καθ’
1660 3143 1847 3203 ἑκάστην
1893 3145 2124 3210 ἐκκλησίαν
2153 3134 2376 3202 τάγματα,
2409 3144 2456 3188 ἓν

392 3213 471 3269 μὲν
502 3212 550 3256 τὸ
583 3212 668 3258 τῶν
697 3213 980 3274 τῃγουμένων
1022 3219 1102 3264 δύο
1150 3220 1199 3264 δὲ
1236 3220 1291 3265 τὰ
1329 3220 1416 3265 τῶν
1446 3218 1817 3280 υποβεβηκότων,
1862 3226 1947 3265 τοῦ
1990 3226 2066 3276 τῆς
2105 3219 2337 3298 ἐκκλησίας
2367 3216 2461 3263 τοῦ
2539 3236 2542 3238 ’

393 3290 597 3345 Χριστοῦ
623 3288 737 3332 λαοῦ
761 3291 822 3339 εἰς
864 3289 944 3335 δύο
987 3289 1194 3352 τάγματα
1233 3293 1521 3354 διῃρημένου,
1563 3296 1627 3343 εἴς
1666 3309 1712 3338 τε
1741 3292 1794 3337 τὸ
1832 3294 1914 3351 μὲν
1943 3295 2116 3337 πιστῶν
2147 3294 2222 3336 καὶ
2248 3288 2336 3336 τῶν
2368 3307 2455 3352 μη-

395 3358 515 3402 δέπω
547 3365 622 3417 τῆς
653 3360 729 3404 διὰ
764 3363 955 3423 λουτροῦ
980 3366 1348 3426 παλλιγγενεσίας
1379 3365 1647 3425 ἠξιωμένων.

514 3432 530 3459 ²
560 3432 609 3476 In
639 3433 694 3478 Is.
725 3434 842 3479 XIX.
875 3436 943 3480 18.
1002 3436 1143 3487 Πόλις
1178 3445 1252 3495 τῆς
1284 3437 1365 3498 γῆς
1395 3436 1670 3496 κληθήσεται
1700 3437 1728 3496 ἦ
1758 3442 1841 3498 μία
1871 3438 2015 3489 πόλις.
2077 3435 2202 3495 Αὕτη
2227 3435 2318 3498 γὰρ
2342 3433 2463 3495 μόνης

394 3501 504 3547 καθ
538 3502 640 3562 ὅλης
683 3513 762 3564 γῆς
804 3507 979 3568 ἱδρυται
1018 3523 1077 3567 τῳ
1115 3511 1218 3568 θεῳ
1242 3510 1402 3566 πόλις,
1449 3529 1512 3563 ως
1550 3514 1762 3574 ἐρεῖσθαι
1791 3514 1894 3573 περὶ
1936 3508 2092 3568 αὐτης,
2139 3503 2459 3568 Δεὸοξασμένα

396 3573 596 3633 ἐλαλήθη
625 3580 727 3638 περὶ
758 3585 866 3632 σοῦ,
907 3576 933 3637 ἦ
964 3578 1094 3631 πόλις
1135 3598 1215 3627 του
1243 3585 1367 3628 θεοῦ.
1427 3585 1568 3630 Πὲντε
1607 3585 1657 3628 δὲ
1687 3583 1842 3636 πόλεις
1887 3584 1933 3628 ἐν
1973 3583 2180 3640 ἐκκλησίᾳ
2210 3575 2295 3627 εἶεν
2326 3598 2380 3625 αν
2409 3583 2459 3626 αἱ

398 3646 613 3709 διάφοροι
635 3652 864 3695 πολιτεῖαι.
925 3654 1063 3698 Πέντε
1103 3654 1153 3698 δὲ
1182 3653 1389 3718 τάγματα
1420 3657 1685 3719 διῃρημένα,
1724 3655 1861 3718 ἤγουν
1899 3663 2017 3718 τρεῖς
2057 3653 2358 3716 ἀριθμήσας,
2403 3669 2453 3698 ῑθ

398 3727 572 3781 πρῶτον
602 3729 687 3769 ταῖν
716 3725 953 3787 προέδρων
982 3742 1146 3785 ταγμα,
1177 3731 1251 3773 καὶ
1279 3730 1330 3774 τὸ
1361 3727 1568 3790 δεύτερον
1598 3736 1685 3776 τοῖν
1714 3730 2028 3791 πρεσβυτέρων
2045 3761 2057 3784 ,
2086 3725 2136 3771 τό
2171 3742 2217 3770 τε
2246 3732 2331 3771 τῶν
2361 3725 2459 3770 δια-

399 3793 535 3839 κόνων
564 3796 614 3841 τὸ
654 3801 824 3858 τρίτον,
866 3802 940 3842 καὶ
979 3805 1063 3843 τοῖν
1103 3799 1148 3844 ἐν
1188 3805 1379 3862 Χριστῷ
1402 3805 1751 3862 πεφωτισμένων
1791 3803 2027 3860 τέταρτον,
2065 3802 2139 3844 καὶ
2180 3800 2255 3844 ἐπὶ
2283 3796 2456 3850 τούτοις
2519 3856 2523 3859 γ

400 3873 482 3911 τῶν
512 3868 557 3912 ἐν
586 3871 810 3931 εἰσαγωγῇ
833 3870 1151 3932 τυγχανόντων.

519 3941 538 3970 3
566 3940 639 3985 Ps.
670 3941 911 3988 LXXXVI.
941 3946 982 3988 3.
