2716 4446
1393 186 1741 252 ..344-

704 338 826 391 364.
883 336 958 389 At
1014 335 1151 388 haec
1207 335 1337 388 licet
1390 336 1677 389 verissima
1727 337 1867 405 sint,
1931 355 1996 390 ac
2049 339 2426 408 penitissimae
2483 359 2601 395 um-

532 432 659 484 tatis
715 430 991 498 habitum,
1040 449 1152 501 quo
1212 449 1335 483 cum
1392 448 1614 483 romano
1666 430 1887 484 doctore
1944 431 2256 486 doctoratus
2312 435 2604 488 universus

534 523 603 577 ob
642 526 816 594 ipsam
873 523 1019 576 illius
1077 523 1297 594 plenam
1354 523 1636 586 αὕθεντίαν,
1693 523 2035 578 infallibilem
2093 527 2428 580 auctoritatis
2476 529 2604 597 vim,

535 619 820 671 devinctus
847 618 1122 686 consistit3
1161 617 1266 670 hoc
1304 624 1486 670 tamen
1525 618 1883 671 animadverti
1923 618 2110 672 sedulo
2138 619 2316 687 debet,
2357 621 2502 691 quod
2537 621 2608 675 ad

172 721 324 752 Habitu-⁹
347 720 518 758 episcopo·
533 710 779 763 habitum
829 705 1059 762 actionis
1117 729 1385 781 usumque
1443 712 1725 780 potestatis
1777 713 1985 780 attinet,
2039 732 2143 783 quo
2185 732 2241 766 se
2281 713 2607 785 episcopalis
2650 772 2652 775 ,

196 773 273 794 rum
301 763 494 794 authentice

173 806 520 888 Joss‘gffizssgggffi
535 805 826 856 auctoritas
866 804 920 856 in
960 804 1148 857 ordine
1189 805 1259 857 ad
1296 805 1692 875 plenitudinem
1741 805 1888 858 illam
1930 808 2265 860 auctoritatis
2303 807 2606 863 infallibilis

535 897 789 967 explicat.
846 897 1039 968 Itaque
1098 898 1360 968 episcopi,
1413 899 1662 968 quamvis
1721 898 2107 968 dependenteS,
2169 899 2372 954 habent
2426 908 2608 955 tamen

534 991 821 1044 cathedras
860 992 1137 1062 proprias3
1179 993 1430 1063 quamvis
1470 992 1710 1060 obnoxii,
1766 1002 1891 1046 sunt
1927 1002 2114 1047 tamen
2151 995 2319 1048 iidem
2358 995 2607 1056 doctores

533 1085 859 1155 authentici3
915 1087 1163 1157 quamvis
1220 1105 1327 1140 non
1386 1089 1756 1158 peremptorii,
1815 1097 1942 1142 sunt
1994 1096 2178 1141 tamen
2232 1090 2351 1142 veri
2387 1091 2444 1143 in
2481 1091 2610 1144 fidei

533 1182 714 1233 causis
754 1181 994 1250 iudices3
1052 1181 1195 1234 unde
1253 1200 1381 1234 vere
1440 1181 1605 1234 iidem
1645 1182 2063 1253 authenticeque
2114 1202 2146 1235 a
2186 1184 2297 1236 suis
2338 1183 2608 1237 cathedris

532 1275 866 1346 praedicant,
906 1295 1035 1329 vere
1073 1276 1494 1347 authenticeque
1554 1277 1638 1328 sui
1693 1277 1875 1346 gregis
1926 1276 2115 1330 fideles
2154 1277 2366 1345 docent,
2406 1277 2610 1332 iudicia

533 1389 665 1422 vera
704 1378 758 1422 et
796 1370 1108 1423 authentica
1163 1371 1359 1438 ferunt,
1419 1370 1707 1423 dummodo
1754 1370 1811 1423 id
1849 1379 2034 1424 tamen
2072 1389 2181 1424 non
2239 1371 2375 1424 citra
2411 1370 2506 1426 fiat
2541 1390 2607 1425 ac

534 1462 722 1518 contra
776 1485 1055 1519 romanam
1110 1465 1454 1519 infallibilem
1511 1466 1839 1533 cathedram,
1900 1485 2092 1519 verum
2150 1485 2274 1519 cum
2308 1465 2610 1520 'universali

534 1560 681 1613 illius
721 1560 941 1613 doctore
982 1579 1216 1631 cumque
1269 1561 1449 1613 iudice
1502 1560 1650 1613 illius
1690 1579 1940 1630 supremo
1968 1543 2288 1635 ⁴concordes
2327 1561 2608 1613 invenian-

533 1662 634 1711 tur.
677 1654 898 1708 Scilicet
924 1655 1233 1708 authentice
1271 1655 1622 1725 praedicatur
1642 1654 1711 1706 ab
1739 1656 1889 1725 ipsiS,
1919 1661 1972 1707 et
1997 1673 2096 1725 per
2121 1656 2268 1725 ipsos
2294 1656 2614 1726 proponitur

536 1749 838 1821 symbolica
874 1749 1141 1820 professio
1176 1768 1211 1801 a
1251 1768 1500 1819 supremo
1553 1748 1830 1801 infallibili
1868 1750 2125 1819 magistro
2165 1749 2513 1818 praestituta3
2551 1750 2611 1802 in

536 1847 738 1898 unione
777 1862 901 1896 cum
942 1843 1134 1897 eodem
1170 1844 1431 1913 magistro
1472 1842 1780 1897 authentice
1832 1842 1900 1895 ab
1938 1845 2072 1913 ipsis
2111 1850 2164 1895 et
2200 1861 2299 1913 per
2335 1844 2479 1912 ipsos
2517 1842 2609 1896 do-

202 1946 363 1979 Stadium
383 1947 497 1987 pacis
539 1948 705 2007 cetur,
747 1938 1071 2006 declaratur,
1113 1937 1406 2008 exponitur
1442 1956 1575 1990 vera
1627 1937 1775 1990 illius
1812 1956 1966 1990 mens
2005 1956 2070 1989 ac
2106 1936 2496 2008 intelligentia3
2534 1944 2612 1990 at-

539 2052 644 2105 que
682 2036 760 2087 ita
799 2033 1099 2087 secundum
1154 2015 1496 2085 communem
1553 2051 1618 2086 ac
1673 2032 1961 2104 pacificum
2019 2031 2282 2085 ecclesiae
2322 2031 2530 2103 statum?
2558 2038 2613 2085 et

537 2128 799 2196 ordinem,
841 2146 1052 2180 summa
1091 2145 1305 2198 semper
1348 2129 1696 2198 episcopatus
1725 2145 1847 2179 cum
1873 2128 2108 2197 primatu
2146 2125 2436 2179 concordia
2470 2126 2610 2197 regi-

535 2230 623 2276 tur
662 2222 894 2276 ecclesia
930 2221 1056 2277 Dei.

175 2365 519 2441 {affilffgfigh'gffijg
693 2361 814 2415 365.
839 2359 1146 2413 Concordia
1166 2359 1302 2412 haec
1321 2360 1439 2412 iure
1460 2358 1645 2411 divino
1667 2366 1722 2412 et
1737 2357 2108 2412 ecclesiastico
2131 2357 2376 2411 obtinere
2396 2373 2612 2430 semper

245 2453 448 2493 “P‘iw‘iffi
537 2463 591 2508 et
609 2455 811 2526 ubique
833 2454 1024 2524 debet3
1066 2473 1187 2508 eam
1206 2472 1400 2524 reapse
1422 2454 1688 2507 exsistere
1710 2454 1905 2524 quovis
1927 2454 2045 2506 iure
2066 2454 2367 2523 generatim
2390 2471 2611 2523 praesu-

535 2550 701 2603 mitur
717 2567 747 2617 3‘
769 2558 824 2602 et
850 2556 909 2602 ut
935 2568 1152 2619 semper
1178 2556 1231 2602 et
1250 2548 1454 2620 ubique
1484 2549 1724 2616 exsistat,
1753 2546 1946 2600 mediis
1973 2546 2372 2618 praesidiisque
2393 2546 2611 2615 divinis,

536 2643 787 2696 humanis
827 2650 882 2695 et
918 2642 1399 2709 humano-diviniS,
1427 2643 1507 2694 uti
1531 2642 1952 2712 praestituimuS,
1981 2641 2235 2693 continuo
2273 2647 2610 2711 procuratur.

540 2736 651 2791 Sed
689 2738 820 2809 quid
859 2739 905 2790 si
943 2738 1072 2791 ordo
1114 2746 1168 2791 et
1204 2757 1317 2808 pax
1355 2737 1618 2804 turbetur,
1661 2737 1706 2788 si
1732 2735 2022 2788 discordiis
2061 2733 2264 2789 obortis
2303 2752 2367 2787 ac
2404 2733 2610 2786 dissen-

541 2831 783 2884 sionibus
825 2849 1034 2885 errores
1076 2832 1461 2902 dispergantur
1499 2837 1554 2883 et
1591 2829 1886 2882 haereses?
1940 2828 2079 2882 Tum
2119 2829 2393 2881 enimvero
2433 2827 2612 2880 elucet

538 2927 776 2979 maxime
816 2925 1089 2985 iudicialis
1146 2926 1527 2996 episcoporum
1584 2925 1892 2991 auctoritaS,
1942 2922 2241 2994 eademque
2275 2910 2523 2975 'adhibita
2559 2928 2614 2974 et

209 3023 370 3056 Stadium
393 3024 485 3057 belli·
545 3019 820 3090 explicata
856 3038 954 3090 pro
993 3038 1143 3072 nexu
1181 3037 1246 3070 ac
1283 3017 1503 3071 vinculo
1561 3035 1684 3070 cum
1725 3034 1978 3087 suprema
2015 3034 2079 3068 ac
2116 3014 2393 3068 infallibili
2431 3013 2612 3068 cathe-

540 3113 652 3167 dra.
693 3103 1091 3184 Episcoporum
1128 3130 1363 3182 namque
1402 3119 1500 3179 est,
1541 3110 1607 3163 de
1648 3109 1836 3163 oborto
1876 3111 1933 3163 in
1961 3109 2219 3162 subiectis
2260 3106 2365 3161 sibi
2400 3109 2611 3162 territo—

538 3209 632 3260 riis
691 3207 917 3260 dissidio
975 3208 1131 3259 iuxta
1178 3212 1428 3276 receptas
1478 3203 1844 3275 probatasque
1894 3222 2111 3257 normas
2161 3202 2420 3270 iudicare,
2473 3209 2527 3254 et
2565 3203 2612 3255 si

538 3301 749 3373 liquida
785 3321 873 3355 res
912 3302 1092 3370 fuerit,
1133 3319 1231 3353 sua
1270 3300 1541 3354 sententia
1579 3307 1633 3352 et
1658 3317 1824 3369 opera
1862 3299 2078 3351 efficere
2117 3316 2182 3351 ac
2206 3315 2367 3367 porro
2408 3295 2610 3365 conari,

539 3404 600 3449 ut
638 3397 950 3467 compositis
1007 3394 1249 3448 dissidiis
1306 3393 1622 3447 aberrantes
1679 3392 1749 3445 ad
1785 3393 2031 3445 veritatis
2064 3392 2333 3443 tramitem
2370 3389 2612 3445 redeant.

542 3490 752 3557 Quodsi
789 3498 973 3543 autem
1010 3488 1103 3542 vel
1138 3507 1226 3541 res
1265 3506 1374 3541 non
1412 3487 1633 3558 liqueat,
1673 3471 1763 3540 vel
1801 3486 2183 3539 dissentientes
2221 3502 2330 3537 non
2367 3485 2610 3554 acquies-

542 3593 680 3653 cant,
719 3602 901 3655 neque
957 3581 1220 3636 tumultus
1260 3580 1655 3651 dissidiumque
1712 3587 1904 3647 cesset,
1958 3597 2124 3650 quum
2173 3596 2276 3632 nec
2312 3597 2346 3630 a
2383 3576 2610 3647 singulis

467 3679 471 3683 ’
539 3696 643 3734 nec
662 3697 695 3730 a
719 3676 965 3748 pluribus
994 3674 1305 3729 doctoribus
1333 3675 1448 3728 sive
1475 3674 1736 3744 dispersis
1757 3674 1873 3726 sive
1893 3674 1951 3725 in
1975 3691 2142 3725 unum
2169 3670 2411 3724 collectis
2432 3669 2612 3722 dirimi
2682 3737 2690 3749 Π

542 3791 708 3825 causa
762 3772 963 3825 iudicio
1018 3770 1380 3840 peremptorio
1432 3786 1604 3839 eoque
1654 3766 1931 3820 infallibili
1984 3768 2156 3837 possit
2167 3750 2461 3835 ,'ipsorum
2510 3769 2608 3829 est,

544 3885 764 3919 causam
803 3867 1077 3936 cognitam
1114 3863 1184 3916 ad
1222 3880 1532 3933 supremum
1570 3859 2022 3930 infallibilemque
2058 3858 2292 3912 iudicem
2328 3874 2611 3912 romanum

544 3958 769 4028 deferre,
796 3976 865 4012 ne
892 3965 1074 4029 serpat
1098 3975 1369 4012 venenum
1393 3955 1667 4026 latiusque
1692 3952 2036 4007 diffundatur,
