2716 4446
1043 142 1457 262 -455-

175 321 657 390 considerandum,
747 338 810 374 eo
899 319 1018 390 ipso
1100 317 1246 389 quod
1326 314 1755 371 revelationibus
1817 313 1928 367 Dei
2009 312 2259 367 omniscii
2273 310 2473 344 Sm‘emiae
2511 312 2619 344 mula·
2687 335 2690 338 ⁴

2414 357 2474 388 tio.

175 415 427 489 pontifex
498 417 554 467 in
603 415 716 467 suis
772 413 989 481 iudiciis
1046 422 1155 465 non
1211 418 1458 482 regatur,
1523 429 1715 464 verum
1778 410 1933 462 iuxta
1994 408 2135 476 data,
2198 414 2259 461 ut

142 499 144 501 ¹
177 512 343 578 aiunt,
383 518 438 563 et
475 507 711 578 allegata
750 493 1074 560 sententiam
1113 505 1266 572 ferat,
1306 505 1425 557 fieri
1464 506 1711 575 apprime
1745 522 1906 574 posse
1945 503 2257 574 factumque

174 622 366 675 reapse
405 621 544 670 esse,
591 610 652 655 ut
698 602 815 654 eius
854 599 1116 652 iudicium
1155 605 1521 668 revocaretur,
1560 616 1669 650 non
1710 597 1856 668 quod
1894 596 2029 650 illud
2069 615 2257 650 secun—

174 699 302 753 dum
341 714 564 750 causam
610 694 917 765 expositam
967 691 1166 745 falsum
1223 691 1417 745 fuisset
1469 698 1712 762 spectato
1765 688 2256 759 veritatisordine,

174 791 265 847 vel
320 778 709 862 adpellandum
767 787 837 840 ad
895 786 1044 839 aliud
1107 786 1302 838 fuisset
1356 785 1626 857 tribuna13
1681 786 1776 839 sed
1842 785 1989 857 quod
2049 793 2259 838 mutata
2297 801 2310 808 “

180 870 379 941 causae
419 892 473 938 et
510 881 849 955 hypothesiS,
908 887 969 933 ut
1006 882 1063 933 in
1101 880 1320 934 iudiciis
1360 879 1670 951 loquuntur,
1739 881 2098 951 expositione,
2151 877 2259 931 alia

177 981 247 1035 ab
287 978 478 1034 eodem
527 976 708 1030 iudice
747 975 981 1028 ferretur
1031 974 1314 1030 sententia.
1390 974 1511 1027 Hac
1549 974 1694 1028 facta
1732 975 2043 1028 necessaria
2088 974 2257 1027 anim-

185 1074 524 1140 adversione,
565 1068 1021 1142 quemadmodum
1069 1087 1179 1122 non
1235 1085 1444 1139 paucae
1493 1087 1521 1121 e
1561 1067 1747 1122 multis
1788 1078 1976 1123 contra
2014 1077 2256 1122 sanctam

181 1168 366 1223 sedem
405 1167 676 1220 excitatae
715 1164 1137 1227 detrectationes
1196 1162 1569 1234 depelluntur:
1634 1165 1710 1216 ita
1759 1164 1829 1217 ad
1886 1163 2035 1217 aliud
2074 1163 2256 1217 obser-

174 1263 416 1320 vandum
453 1261 802 1327 adducimur,
868 1258 1015 1329 quod
1071 1257 1142 1311 ad
1191 1257 1456 1310 humanas
1504 1265 1688 1329 partes
1749 1258 2043 1312 exercendi
2100 1259 2255 1311 mini-

133 1403 137 1405 >
173 1359 323 1412 sterii
357 1354 794 1410 humano-divini
848 1354 1097 1424 pertinet.
1173 1351 1449 1406 Videlicet

344 1452 394 1510 2.
447 1467 612 1521 quum
664 1466 760 1519 pro
813 1446 1020 1517 duplici
1059 1446 1386 1500 iudiciorum
1426 1464 1626 1517 genere
1666 1465 1922 1500 romanus
1960 1446 2130 1500 iudex
2171 1442 2622 1526 su-ssgssffiffissagssssfi‘

171 1563 340 1618 perno
381 1542 621 1597 excellat
658 1539 949 1613 praesidiO,
1004 1540 1150 1612 quod
1189 1540 1434 1594 divinum
1474 1542 1731 1611 supponit
1793 1548 1847 1593 et
1909 1542 2083 1612 exigit
2134 1541 2258 1594 cha-

168 1641 335 1693 risma
373 1618 600 1705 cavenS,
648 1656 716 1689 ne
766 1635 859 1689 ille
923 1637 980 1688 in
1031 1634 1323 1706 multiplici
1371 1635 1609 1689 doctoris
1669 1643 1726 1690 et
1788 1637 2023 1707 pastoris
2088 1635 2259 1689 eccle-

172 1734 376 1798 siastici
435 1751 564 1807 cura
620 1751 684 1785 ac
742 1731 920 1785 studio
967 1730 1211 1796 aberret,
1263 1737 1333 1783 et*
1379 1730 1599 1802 quidem
1650 1750 1720 1783 ne
1770 1732 1827 1784 in
1865 1731 2109 1784 docendo
2169 1730 2261 1784 ab·

171 1836 315 1883 erret
370 1847 402 1881 a
445 1827 756 1880 necessaria
817 1825 1084 1879 ecclesiae
1135 1825 1364 1878 veritate
1418 1834 1473 1879 et
1523 1825 1747 1893 iustitia,
1787 1833 1901 1877 tum
1942 1845 2009 1878 ne
2048 1826 2106 1878 in
2140 1844 2262 1896 pas-

172 1922 342 1977 cendo
370 1942 404 1975 a
428 1921 740 1974 necessaria
778 1919 1044 1973 ecclesiae
1074 1920 1345 1990 sapientia
1383 1938 1447 1972 ac
1485 1920 1776 1990 prudentia
1814 1919 2061 1973 recedat:
2101 1938 2259 1973 nemo

172 2025 281 2086 est,
350 2018 444 2088 qui
493 2015 653 2068 facile
706 2034 814 2068 non
853 2013 1152 2085 intelligat,
1219 2033 1380 2086 quam
1439 2014 1549 2068 lata
1610 2014 1737 2067 inde
1775 2015 2063 2085 provincia
2121 2014 2260 2067 indi-

170 2112 336 2166 viduo
402 2129 466 2164 ac
514 2109 790 2180 singulari
846 2128 1201 2180 personarum
1260 2109 1560 2162 characteri
1600 2116 1798 2180 pateat.
1863 2108 2022 2178 Sane,
2077 2112 2123 2164 si
2174 2110 2265 2164 vel

170 2207 351 2278 ipsum
398 2205 770 2275 inspirationis
810 2203 1121 2271 charisma,
1183 2202 1329 2274 quod
1385 2212 1568 2256 tamen
1619 2203 1689 2256 ad
1751 2204 2047 2275 specialem
2106 2225 2263 2259 suum

171 2299 528 2354 obtinendum
566 2298 870 2371 effectum1)
901 2297 1340 2351 efficacissimum
1370 2306 1468 2367 est,
1496 2317 1788 2368 personam
1814 2299 2262 2371 eiusque‘partes

171 2413 281 2448 non
332 2395 640 2464 extinguit:
706 2393 837 2465 quid
874 2394 931 2446 ni
981 2393 1325 2447 censebimus
1366 2393 1432 2446 de
1473 2393 1596 2446 dote
1636 2393 1754 2462 hac,
1809 2394 1963 2448 cuius
2019 2395 2261 2464 effectUS,

172 2488 335 2560 plane
374 2488 623 2546 diversus
677 2495 731 2541 et
781 2487 850 2542 ad
902 2488 1167 2559 pontificii
1206 2489 1495 2541 ministerii
1535 2487 1931 2542 sollicitudines
1971 2490 2260 2560 attingens,

172 2584 407 2654 primum
445 2601 615 2654 prope
650 2601 719 2642 *ac
756 2584 1100 2654 potissimum
1139 2582 1438 2636 excludens
1478 2582 1705 2654 adparet
1743 2590 1796 2636 et
1834 2583 2079 2654 negans?
2117 2583 2264 2637 Hinc

101 2707 131 2722 u
175 2675 384 2730 scilicet
436 2675 520 2744 fit,
583 2683 644 2729 ut
704 2675 983 2729 obtinente
1043 2675 1173 2730 licet
1226 2684 1536 2731 constanter
1587 2677 1777 2730 eodem
1816 2678 2107 2730 ministerii
2168 2677 2261 2731 illo

174 2769 321 2841 apud
374 2769 559 2823 sedem
608 2788 887 2823 romanam
944 2789 1162 2841 genere,
1223 2778 1302 2824 tot
1338 2778 1522 2825 tamen
1573 2771 1759 2825 variae
1806 2773 2082 2825 variarum
2142 2791 2263 2843 per-

92 2862 94 2867 *
173 2863 468 2918 sectionum
522 2863 887 2935 personalium
928 2866 1311 2936 variorumque
1349 2865 1746 2936 perfectionum
1797 2866 2092 2920 earundem
2142 2886 2263 2938 gra-

175 2958 340 3012 duum
378 2959 845 3013 manifestationes
874 2961 1155 3028 exsistant,
1187 2960 1382 3031 quibus
1406 2962 1462 3015 in
1489 2961 1804 3032 pontificum
1832 2962 1970 3015 serie
2010 2961 2106 3014 alii
2131 2980 2262 3032 prae

176 3050 296 3105 aliis
337 3053 454 3105 sive
495 3053 760 3123 sapientia
802 3054 916 3106 sive
945 3052 1062 3106 zelo
1093 3054 1208 3106 sive
1247 3054 1563 3108 fortitudine
1603 3055 1770 3108 animi
1794 3074 1860 3109 ac
1886 3055 2260 3125 magnitudine

176 3144 598 3215 distinguuntur.
662 3145 930 3199 Nimirum
989 3147 1224 3200 coeleste
1277 3147 1563 3218 apostolici
1601 3149 1890 3201 ministerii
1927 3149 2261 3220 praesidium
2292 3164 2610 3240 Divissssffssgffid‘i

177 3236 324 3307 apud
348 3238 634 3307 magistros
674 3256 738 3291 ac
776 3249 1023 3309 pastores
1062 3239 1378 3294 latitudines
1418 3242 1623 3312 patitur
1675 3260 1819 3297 suas,
1858 3241 2008 3296 Nihil
2047 3242 2116 3296 ad
2144 3261 2260 3297 rem
2527 3230 2537 3241 ’

177 3329 458 3397 illustriuS,
499 3349 663 3401 quam
685 3332 831 3402 quod
855 3333 1057 3386 Paulus
1077 3336 1117 3403 2)
1159 3335 1225 3388 de
1267 3354 1365 3388 sua
1403 3354 1437 3401 a
1460 3335 1622 3389 Petro
1651 3336 2018 3407 discrepantia
2040 3336 2260 3392 scribit}

180 3433 334 3478 erant
371 3423 451 3476 illi
510 3423 668 3479 ambo
709 3425 977 3495 Apostoli,
1042 3427 1200 3480 ambo
1232 3417 1585 3496 'infallibilea
1651 3428 1811 3482 ambo
1859 3429 2259 3501 inpeccabiles:

179 3535 357 3588 neque
377 3525 560 3570 tamen
579 3516 726 3571 illico
750 3527 1066 3572 occurrente
1089 3539 1247 3573 casus
1270 3522 1567 3591 specimine
1587 3522 1644 3575 in
1664 3522 1902 3593 idipsum
1916 3522 2259 3578 ferebantur:
2335 3537 2416 3573 Gal·
2434 3537 2488 3574 11.
2504 3538 2559 3572 11·

178 3629 302 3678 non,
344 3611 475 3682 quid
531 3630 720 3665 verum
784 3632 849 3666 ac
887 3613 1235 3681 credendum,
1292 3614 1388 3667 sed
1447 3614 1579 3686 quid
1613 3616 1932 3687 ,prudenter
1967 3619 2258 3689 agendum,

363 3902 391 3956 ¹)
422 3902 534 3945 Vide
566 3916 679 3958 quae
710 3902 817 3945 alibi
846 3903 960 3946 thes.
991 3903 1125 3946 theol.
1159 3904 1213 3947 de
1244 3905 1522 3950 instrument.
1552 3919 1597 3962 p.
1626 3907 1661 3949 Ι.
1695 3920 1734 3952 ο.
1755 3907 1813 3949 11.
1845 3910 1884 3963 ξ,
1909 3907 1951 3953 2.
1983 3911 2229 3955 statuimus.

355 3974 391 4031 ⁹)
422 3975 565 4023 Galat.
596 3976 653 4017 Π.
688 3973 755 4019 11.
779 3989 875 4032 sqq.
