2716 4446
240 879 452 915 Ambracius.

256 1155 432 1190 Hilarius,

302 1545 413 1580 Beda.

166 2835 272 2867 Petra
295 2836 508 2875 spiritualia.

231 3523 320 3557 Bar.
336 3524 439 3556 Jona.

1394 268 1466 277 —-
1515 237 1730 297 152—-

533 381 713 436 omnia
749 378 994 434 membra
1033 380 1275 450 corporis
1315 378 1519 434 Christi
1556 399 1655 451 per
1692 387 1847 452 aptas
1886 387 1941 435 et
1975 381 2254 437 naturales
2293 401 2604 457 compages,

531 494 704 546 usque
742 474 812 527 ad
849 475 1371 527 consummationem
1430 473 1652 543 saeculi,
1713 477 1869 546 quasi
1924 494 2099 547 usque
2151 476 2221 531 ad
2256 477 2425 549 pedes
2463 497 2605 533 cres-

533 568 726 635 centia,
766 566 1056 620 inflexibili
1095 567 1234 621 colle
1273 568 1342 621 ad
1382 567 1561 621 coelos
1601 567 1957 638 sustolleret.„
2015 568 2230 636 Quibus
2269 589 2408 642 quae
2448 590 2605 644 supe-

531 661 642 714 rius
681 661 1060 731 praemisimus
1101 661 1364 732 singulari
1391 663 1449 716 vi
1469 661 1805 718 roborantur.
1844 662 2051 717 Verum
2081 663 2196 718 Leo
2221 683 2396 720 nonus
2421 684 2606 721 recen-

532 755 637 808 tior
673 754 863 808 haberi
900 761 1102 825 posset.
1145 754 1432 809 Accedant
1469 755 1635 825 igitur
1673 755 2020 829 antiquiores,

709 870 827 925 162.
842 869 1067 923 Illorum
1087 889 1246 942 porro
1263 871 1584 924 sententiam
1599 871 1900 932 luculenter
1913 890 2192 943 exponens
2204 873 2243 944 ¹)
2258 872 2604 931 Ambrosius:

537 963 734 1034 „Fides
792 983 920 1035 ergo
980 972 1077 1033 est,
1140 965 1332 1036 inquit,
1391 965 1658 1018 ecclesiae
1697 965 2136 1034 fundamentum3
2192 984 2302 1020 non
2352 967 2498 1020 enim
2536 966 2605 1022 de

535 1077 696 1111 carne
735 1058 899 1127 Petri,
940 1058 1037 1112 sed
1076 1058 1143 1111 de
1182 1058 1289 1112 fide
1329 1058 1536 1112 dictum
1573 1068 1670 1128 est,
1712 1060 1841 1130 quia
1877 1067 2065 1129 portae
2091 1059 2280 1113 mortis
2306 1077 2414 1113 non
2451 1078 2605 1132 prae-

533 1151 806 1205 valebunt.
816 1193 841 1222 „
868 1152 1111 1206 Eandem
1132 1151 1347 1207 illorum
1368 1153 1668 1225 proponit2)
1689 1152 1930 1207 Hilarius
1953 1153 2303 1224 pictaviensis
2323 1154 2603 1226 inquiens:

536 1245 619 1316 „O
658 1246 714 1298 in
752 1248 1146 1318 nuncupationi
1202 1248 1331 1300 novi
1388 1247 1623 1300 nominis
1679 1246 1815 1300 felix
1854 1245 2118 1300 ecclesiae
2174 1246 2603 1318 fundamentum,

531 1340 806 1412 dignaque
846 1341 1223 1394 aedificatione
1263 1341 1409 1394 illius
1447 1350 1620 1412 petra,
1674 1359 1813 1412 quae
1859 1341 2097 1394 infernas
2136 1341 2287 1412 leges
2326 1349 2380 1396 et
2416 1343 2606 1398 tartari

529 1443 713 1506 portas
752 1443 807 1488 et
844 1435 1025 1487 omnia
1064 1435 1252 1487 mortis
1292 1433 1528 1487 claustra
1566 1434 1937 1503 dissolveret„

709 1528 830 1582 163.
856 1526 1047 1599 Neque
1087 1527 1192 1581 alio
1235 1535 1481 1598 spectant
1519 1546 1658 1599 quae
1695 1527 1864 1581 habet
1880 1528 1926 1600 ³)
1968 1528 2295 1582 venerabilis
2332 1529 2486 1589 Beda
2510 1531 2605 1602 qui

532 1620 734 1674 Christi
773 1621 944 1675 verba
986 1622 1090 1691 „Et
1129 1641 1229 1692 ego
1269 1622 1390 1675 dico
1430 1621 1529 1675 tibi
1568 1624 1696 1693 quia
1736 1630 1794 1676 tu
1840 1641 1898 1675 es
1925 1623 2135 1691 Petrus,
2175 1630 2229 1676 et
2265 1641 2427 1694 super
2462 1623 2602 1677 hanc

530 1723 739 1786 petram
778 1715 1077 1769 aedificabo
1138 1715 1425 1769 ecclesiam
1483 1734 1693 1786 meam„
1762 1735 2040 1787 exponens
2104 1715 2311 1770 subdit:
2377 1717 2603 1786 „Petrus

531 1810 624 1880 qui
680 1806 866 1861 Simon
911 1817 1070 1862 antea
1109 1808 1409 1877 dicebatur,
1463 1809 1531 1863 ob
1572 1809 1941 1863 fortitudinem
1979 1810 2106 1863 fidei
2157 1818 2211 1864 et
2249 1810 2600 1864 confessionis

530 1921 658 1955 suae
698 1903 1072 1970 constantiam,
1131 1922 1162 1955 a
1224 1903 1458 1956 Domino
1522 1902 1669 1955 Petri
1726 1921 1923 1956 nomen
1986 1905 2212 1975 accepit,
2273 1905 2401 1975 quia
2448 1902 2598 1958 vide-

526 1996 655 2051 licet
709 1996 790 2049 illi
844 1997 1001 2050 firma
1057 2015 1121 2050 ac
1183 1997 1364 2050 tenaci
1419 2005 1601 2050 mente
1647 1996 1913 2064 adhaesit,
1974 1997 2040 2051 de
2099 2016 2205 2069 quo
2270 1999 2531 2069 scriptum
2551 1997 2599 2068 ⁴)

528 2099 636 2144 est:
693 2090 856 2144 Petra
912 2099 1092 2144 autem
1150 2098 1266 2143 erat
1324 2089 1591 2144 Christus,
1630 2090 1704 2144 Et
1750 2109 1914 2161 supra
1963 2089 2104 2143 hanc
2141 2099 2369 2162 petram,
2407 2089 2466 2143 id
2501 2097 2599 2159 est,

529 2202 691 2254 super
749 2183 1046 2237 Dominum
1105 2182 1459 2252 Salvatorem,
1520 2185 1613 2255 qui
1669 2183 1820 2236 fideli
1878 2202 1974 2237 suo
2033 2185 2315 2255 cognitori,
2357 2184 2598 2253 amatori,

528 2279 827 2332 confessori
863 2279 1215 2350 participium
1239 2277 1284 2351 ⁵)
1326 2278 1409 2330 sui
1446 2278 1680 2330 nominis
1719 2278 1958 2346 donavit,
1997 2285 2059 2331 ut
2083 2277 2342 2331 videlicet
2378 2297 2412 2331 a
2446 2284 2602 2348 petra

526 2374 719 2427 Petrus
757 2379 1074 2427 vocaretur:
1116 2391 1279 2442 supra
1317 2390 1481 2443 quam
1519 2371 1839 2426 aedificatur
1889 2371 2141 2434 ecclesia,
2203 2372 2331 2443 quia
2385 2371 2602 2425 nonnisi

526 2486 625 2537 per
660 2467 823 2520 fidem
849 2474 902 2520 et
925 2465 1276 2519 dilectionem
1307 2464 1527 2533 Christi,
1567 2484 1666 2536 per
1701 2467 2104 2536 susceptionem
2144 2471 2600 2518 sacramentorum

529 2558 748 2629 Christi,
789 2579 888 2632 per
926 2559 1330 2614 observantiam
1368 2559 1746 2613 mandatorum
1787 2558 2007 2627 Christi,
2059 2558 2130 2612 ad
2168 2565 2366 2612 sortem
2404 2557 2599 2612 electo-

525 2828 553 2872 1.
586 2841 624 2871 c.
655 2842 699 2882 p.
731 2826 830 2870 261.
863 2828 1018 2869 habet:
1059 2828 1211 2880 „Haec
1251 2828 1305 2869 de
1351 2827 1558 2881 mysterio
1596 2830 1747 2881 petrae
1787 2825 2040 2880 spiritualis,
2082 2839 2110 2867 a
2140 2838 2226 2879 qua
2254 2824 2420 2879 primus
2449 2827 2599 2880 pastor

525 2900 737 2942 ecclesiae
767 2914 927 2941 nomen
957 2900 1141 2954 accepit,
1183 2904 1227 2941 et
1264 2900 1311 2940 in
1353 2912 1440 2953 qua
1479 2899 1612 2940 totius
1645 2902 1823 2939 sanctae
1854 2898 2067 2939 ecclesiae
2098 2897 2265 2938 fabrica
2292 2897 2525 2938 immobilis
2555 2900 2600 2939 et

524 2973 786 3014 inconcussa
815 2973 1019 3026 persistit,
1061 2977 1104 3013 et
1143 2986 1221 3026 per
1254 2985 1383 3025 quam
1413 2972 1510 3025 ipsa
1549 2970 1736 3011 ecclesia
1765 2970 1959 3011 nascitur
1989 2983 2042 3010 ac
2071 2969 2273 3022 nutritur,
2305 2969 2436 3010 latius
2466 2982 2597 3024 expo-

524 3045 667 3086 nendo
699 3045 843 3086 dicere
873 3046 1041 3098 libuit.,‚

708 3130 736 3186 ¹)
767 3132 836 3173 De
866 3132 1030 3172 incarn.
1061 3131 1090 3174 1.
1123 3131 1176 3172 V.
1207 3143 1249 3171 n.
1280 3128 1351 3172 34.

699 3217 735 3274 2)
769 3218 1012 3260 Comment.
1053 3219 1100 3258 in
1138 3217 1292 3258 Matth.
1335 3230 1372 3258 c.
1414 3217 1535 3260 XVI.
1576 3230 1646 3270 ap.
1687 3216 1827 3270 Mign.
1859 3216 1935 3260 lat.
1969 3216 2058 3257 ΡΡ.
2097 3219 2127 3257 t.
2160 3215 2237 3256 IX.
2269 3229 2343 3270 pp.
2374 3213 2500 3259 1009.
2531 3227 2596 3270 sq.

526 3290 624 3334 coll.
657 3291 709 3332 de
741 3291 899 3334 Trinit.
932 3291 960 3332 l.
993 3290 1050 3331 Π.
1082 3303 1127 3333 n.
1160 3287 1230 3330 23.
1262 3289 1340 3330 ubi
1369 3290 1545 3342 gemina
1573 3288 1718 3329 habet.

701 3377 734 3432 3)
765 3378 818 3418 In
847 3382 938 3422 nat.
968 3378 1042 3420 bb.
1060 3377 1211 3430 Apost.
1248 3376 1344 3419 Pet.
1377 3379 1420 3416 et
1448 3374 1572 3415 Paul.
1604 3375 1719 3418 hom.
1754 3374 1823 3418 16.
1855 3389 1926 3429 ap.
1957 3376 2098 3429 Mign.
2129 3376 2202 3416 lat.
2234 3375 2322 3417 ΡΡ.
2353 3378 2386 3418 1;.
2418 3372 2490 3417 94.
2519 3386 2594 3428 pp.

523 3447 623 3493 221.
656 3463 750 3503 sqq.
782 3450 859 3490 ubi
890 3449 1153 3502 singularem
1198 3447 1417 3501 quandam
1454 3448 1644 3488 instituit
1685 3447 1958 3488 collationem
2002 3445 2223 3487 Christum
2251 3446 2366 3486 inter
2394 3446 2596 3499 interque

525 3521 774 3563 Simonem:
809 3522 925 3574 „Bar
954 3521 1071 3562 Jona
1101 3521 1283 3574 syriace,
1313 3520 1450 3561 latine
1473 3519 1631 3560 dicitur
1651 3518 1766 3560 filius
1788 3518 2041 3570 columbae„
2065 3518 2135 3558 cui
2157 3516 2332 3571 quidem
2355 3517 2595 3569 columbae,

523 3593 607 3634 hoc
637 3597 704 3634 est
735 3592 920 3647 Spiritus
951 3593 1104 3645 sancti,
1135 3591 1224 3633 filio
1256 3591 1410 3632 eadem
1441 3590 1653 3631 donorum
1686 3593 1941 3631 ornamenta
1983 3602 2062 3642 per
2091 3589 2279 3643 gratiam
2306 3588 2470 3630 tributa
2497 3601 2595 3642 per-

524 3664 661 3716 hibet,
693 3678 804 3718 quae
834 3665 1072 3718 Unigenito
1102 3677 1180 3717 per
1210 3666 1410 3704 naturam
1442 3662 1721 3703 conveniunt.
2404 3710 2413 3725 N

702 3734 739 3788 ⁴)
775 3737 808 3777 I.
845 3735 946 3779 Cor.
978 3735 1036 3779 X.
1067 3734 1109 3777 4.
1141 3735 1210 3775 De
1241 3734 1593 3775 cavillationibus
1625 3737 1775 3775 contra
1805 3747 1965 3775 nomen
1993 3737 2143 3787 petrae
2171 3734 2218 3774 in
2246 3733 2425 3774 Petrum
2453 3733 2593 3772 trans-

524 3807 660 3848 latum
690 3807 790 3848 vide
819 3807 874 3851 F.
905 3807 1106 3850 Turrian.
1139 3805 1186 3849 S.
1217 3806 1262 3847 J.
1295 3805 1460 3848 defens.
1491 3805 1574 3847 loc.
1609 3804 1766 3858 Script.
1795 3805 1826 3848 l.
1858 3805 1892 3845 1.
1922 3819 1966 3858 p.
1997 3802 2095 3849 100.

700 3876 735 3929 ⁵)
767 3877 855 3918 Sed
883 3878 1162 3931 participium
1202 3878 1390 3918 nominis
1433 3881 1636 3931 „petrae„
1679 3876 1877 3918 Christus
1916 3877 2046 3917 Petro
2087 3875 2266 3916 donavit
2303 3886 2356 3915 eo
2384 3872 2592 3927 profecto,

526 3949 642 4002 quod
673 3949 815 3990 eidem
844 3950 1122 4003 participium
1153 3949 1391 3989 donaverat
1433 3949 1510 3999 rei,
1551 3961 1662 4001 quae
1697 3951 1822 4001 petra
1861 3951 1950 3988 est:
1990 3959 2078 3988 non
2107 3959 2234 3988 secus
2263 3958 2316 3987 ac
2344 3945 2460 3986 idem
2490 3958 2591 3990 ven.

522 4020 645 4062 Beda
673 4021 731 4062 ib.
761 4020 878 4067 hom.
908 4020 1052 4062 XXII.
1083 4034 1128 4075 p.
1159 4018 1258 4064 251.
1291 4021 1464 4062 scribit:
1496 4019 1773 4072 „Matthaeus
1793 4018 2010 4072 hebraice,
2039 4018 2173 4060 latine
2196 4017 2353 4060 dicitur
2378 4017 2588 4060 donatus:
