2716 4446
177 310 249 344 Pro
260 311 420 344 socictate
429 311 474 343 ci-

292 356 370 390 vili.

154 677 225 710 Pro
253 677 411 708 societate
433 676 496 715 fa·

251 721 395 755 miliari.

177 1144 328 1176 Romani
343 1144 474 1177 iudicis

257 1189 394 1228 partes.

153 1809 198 1841 In
203 1808 357 1841 ordinem
365 1808 497 1841 hierar-

255 1852 402 1888 chio-um.

156 2530 334 2566 Alexand.
375 2530 501 2572 synod.

174 3037 230 3072 ΙΙ.
248 3036 323 3071 Cor.
340 3036 401 3068 XI.
424 3036 477 3068 29.

1379 154 1726 216 —416—

687 299 738 355 2.
775 298 983 351 monita
1017 315 1083 350 ac
1120 305 1419 370 praecepta
1457 301 1734 354 societatis
1771 300 2229 373 moderatoribus,
2265 303 2382 357 sive
2421 304 2589 376 impe-

513 400 721 446 ratores
780 393 896 445 sive
951 410 1112 462 reges
1169 393 1285 446 sive
1342 393 1620 464 principes
1661 395 1779 448 sive
1817 394 2043 448 alterius
2081 397 2316 450 nominis
2352 407 2591 452 rectores

513 494 723 555 essent3
783 486 975 539 eadem
1031 486 1160 539 data
1219 486 1449 540 subditis
1506 487 1576 541 ad
1631 490 1801 542 vitam
1850 491 1909 542 in
1946 492 2205 544 societate
2243 481 2590 547 christianam

512 599 636 634 cum
672 599 809 652 pace
848 598 912 634 ac
950 580 1345 653 tranquillitate
1386 583 1629 635 caritatis
1669 583 2002 638 ducendam:

685 674 733 727 3.
774 674 994 728 decreta
1051 694 1151 728 sua
1206 694 1304 746 pro
1362 677 1666 747 coniugatis
1725 685 1926 732 statuta
1963 678 2033 732 ad
2071 688 2256 734 sancte
2294 679 2592 734 ineundum

513 769 931 841 ducendumque
971 771 1310 840 coniugium3
1360 789 1458 824 sua
1495 773 1834 843 praescripta
1870 791 1968 844 pro
2008 773 2325 843 parentibus
2363 774 2434 827 ad
2470 793 2590 846 pro-

511 865 619 918 lem
659 870 846 917 sancte
885 863 1262 934 educandam3
1303 873 1356 917 et
1395 883 1525 918 suae
1564 884 1788 920 normae
1826 885 1924 938 pro
1963 866 2278 921 iubentibus
2317 876 2372 922 et
2407 870 2590 940 iussis,

510 967 570 1012 ut
608 966 794 1012 sancte
831 959 1104 1030 utrimque
1163 958 1342 1012 officia
1397 958 1621 1013 humani
1677 960 2095 1015 christianorum
2151 964 2460 1017 commercii
2512 965 2591 1017 in-

510 1052 805 1124 plerentur.

681 1147 806 1202 441.
844 1145 1094 1199 Iamvero
1132 1148 1190 1200 in
1229 1147 1427 1219 quibus
1478 1149 1734 1219 negotiiS,
1774 1155 1828 1202 et
1878 1149 2077 1220 quibus
2115 1153 2364 1222 personis
2403 1153 2474 1210 ad
2511 1172 2592 1208 or·

510 1241 694 1294 dinem
748 1259 1051 1312 pacemque
1106 1240 1436 1295 christianae
1492 1244 1640 1296 vitae
1698 1242 2081 1297 stabiliendam
2135 1237 2294 1316 leges
2345 1247 2475 1301 dare
2539 1256 2593 1302 et

510 1335 882 1389 ordinationes
921 1335 1222 1406 apostolica
1261 1336 1423 1390 sedes
1461 1340 1746 1407 potest‘ac
1796 1344 2030 1406 tenetur,
2084 1341 2143 1392 in
2179 1340 2377 1394 iisdem
2415 1348 2470 1394 et
2507 1360 2594 1396 ea-

510 1430 740 1510 rundem
778 1430 899 1483 iura
936 1433 1096 1499 tueri,
1138 1439 1192 1484 et
1229 1431 1734 1502 perturbationibus
1775 1431 1980 1486 obortis
2020 1452 2117 1486 sua
2156 1453 2411 1506 suprema
2445 1426 2623 1508 pote-v

513 1532 652 1577 state
691 1523 910 1578 violatis
950 1544 1014 1578 ac
1051 1524 1413 1579 violatoribus
1471 1528 1555 1579 ius
1614 1525 1795 1581 dicere
1846 1529 2189 1582 necessariae
2227 1529 2425 1583 iudicis
2465 1549 2591 1602 apo-

513 1619 690 1673 stolici
726 1628 910 1690 partes
950 1620 1236 1677 exsistunt.
1293 1620 1411 1674 Has
1450 1627 1632 1675 autem
1670 1640 1828 1675 curas
1868 1622 2115 1693 expletas
2155 1628 2369 1695 semper
2404 1623 2590 1695 fuisse,

511 1732 768 1767 romanae
809 1713 1052 1767 eiusdem
1093 1714 1359 1768 ecclesiae
1398 1715 1725 1769 documenta
1760 1722 2046 1769 testantur.

684 1808 809 1867 442.
847 1808 1143 1863 Testantur
1178 1810 1464 1881 inpensam
1503 1828 1690 1863 curam
1727 1811 1785 1864 in
1821 1811 2038 1864 tuendis
2089 1799 2415 1865 hierarchici
2451 1811 2591 1866 ordi-

512 1903 597 1955 nis
628 1903 667 1975 ¹)
726 1902 919 1957 officiis
976 1922 1042 1957 ac
1096 1904 1324 1974 iuribuS,
1359 1909 1416 1958 ‘a
1453 1923 1683 1976 quorum
1723 1906 1981 1960 exercitio
2019 1907 2258 1959 maxime
2297 1905 2594 1960 christiana

512 2152 622 2194 illud
637 2152 1081 2205 animadvertendum,
1101 2152 1217 2207 quod
1233 2165 1365 2207 saepe
1386 2153 1518 2195 etiam
1537 2152 1716 2207 regulae
1747 2166 1826 2207 pro
1843 2153 2087 2207 virginibus
2109 2158 2153 2196 et
2178 2153 2322 2195 viduis
2343 2157 2591 2198 occurrunt·

514 2227 574 2267 Et
602 2227 702 2268 illae
735 2227 913 2281 quidem
944 2226 982 2268 si
1012 2239 1163 2267 sacrae
1193 2226 1370 2279 fuerint,
1415 2226 1623 2281 religioso
1669 2229 1786 2268 statu
1832 2226 2281 2281 comprehenduntur:
2327 2227 2406 2268 sed
2449 2230 2493 2268 et
2538 2227 2592 2269 de

519 2301 615 2341 istis
647 2299 766 2341 haud
794 2300 1049 2353 infrequens
1090 2312 1232 2340 sermo
1272 2299 1319 2340 in
1360 2299 1672 2340 ecclesiasticis
1713 2300 2006 2340 monumentis
2044 2299 2255 2346 habetur.¹
2302 2299 2468 2342 Verum
2505 2299 2595 2341 huc

514 2386 618 2427 prae
650 2373 804 2413 ceteris
835 2372 1002 2413 faciunt
1033 2371 1263 2413 damnatae
1293 2385 1321 2412 a
1350 2371 1430 2412 Pio
1451 2372 1538 2416 ,VL
1570 2372 1779 2425 proposit.
1820 2372 2164 2426 pseudo—synod.
2196 2372 2347 2427 pistor.
2393 2370 2465 2416 80.
2496 2385 2590 2427 sqq.

515 2459 594 2500 pro
625 2446 932 2487 reformatione
963 2445 1232 2500 regularium
1263 2448 1307 2485 et
1336 2444 1589 2486 monialium
1621 2458 1692 2499 ap.
1722 2445 1940 2498 Denzing.
1971 2445 1999 2486 1.
2032 2458 2071 2490 c.
2102 2458 2178 2489 nn.
2211 2443 2338 2487 1443.
2361 2457 2457 2499 sqq.
2532 2502 2536 2503 ⁷

691 2516 730 2569 1)
754 2518 876 2560 Nihil
894 2518 950 2560 ad
970 2531 1062 2559 rem
1084 2517 1303 2570 disertius,
1326 2530 1458 2571 quam
1481 2516 1598 2571 quod
1619 2527 1688 2570 ap.
1713 2517 1852 2571 Mign.
1876 2517 1951 2561 lat.
1974 2517 2063 2562 PP.
2086 2522 2118 2558 t.
2146 2515 2213 2561 13.
2230 2531 2302 2572 pp.
2320 2515 2389 2559 11.
2412 2529 2508 2571 sqq.
2532 2513 2589 2558 ad

515 2591 709 2632 Felicem
725 2591 782 2632 ΙΙ.
801 2591 995 2644 episcopi
1019 2590 1329 2631 alexandrinae
1355 2590 1512 2643 synodi
1537 2590 1758 2631 scribunt:
1797 2589 1984 2642 „Vestro
2010 2594 2162 2630 sancto
2187 2591 2462 2644 suggerimus
2486 2601 2592 2644 apo-

516 2662 704 2715 stolatui,
734 2666 783 2703 ut
812 2663 950 2704 nostri
979 2676 1099 2704 more
1130 2662 1257 2703 solito
1288 2661 1626 2703 sollicitudinem
1655 2675 1808 2716 gerere
1840 2661 2080 2716 dignemini
2114 2663 2236 2704 iuxta
2261 2666 2453 2705 vestram
2487 2675 2591 2716 pru·
2614 2714 2617 2715 ⁷

517 2735 814 2777 dentissimam
845 2736 1116 2789 sapientiam,
1149 2747 1261 2788 quae
1280 2734 1480 2775 omnibus
1498 2734 1596 2775 luce
1627 2734 1787 2788 clarius
1820 2733 2054 2775 manifesta
2080 2737 2176 2777 estz
2207 2734 2310 2787 quia
2341 2735 2592 2789 apostolicis

521 2812 668 2849 vestra
701 2807 925 2849 beatitudo
956 2807 1199 2848 visceribus
1231 2810 1447 2848 commota
1477 2818 1608 2860 super
1637 2805 1918 2867 tribulatione
1947 2809 2098 2846 nostra
2127 2800 2207 2847 nos
2237 2818 2389 2848 omnes
2419 2806 2594 2848 hortata

518 2885 596 2933 est,
646 2880 702 2922 ad
754 2881 985 2922 tuitionem
1035 2880 1276 2922 catholicae
1323 2883 1367 2921 et
1411 2879 1677 2934 apostolicae
1720 2879 1933 2922 ecclesiae
1976 2879 2024 2919 in
2066 2891 2203 2920 unum
2243 2881 2475 2922 convenire
2493 2909 2509 2931 ‚
2549 2883 2595 2921 et

518 2953 572 2994 de
612 2957 761 2995 nostra
801 2954 1081 3008 oppressione
1112 2953 1322 2995 canonice
1363 2956 1407 2994 et
1460 2951 1723 2993 unanimiter
1766 2955 1968 3004 tractare,
2013 2940 2116 2992 dum
2167 2955 2339 2993 constat
2380 2965 2461 2994 vos
2505 2965 2594 2994 una

520 3039 618 3067 cum
662 3027 792 3068 beato
838 3026 977 3067 Paulo
1036 3025 1248 3081 Apostolo
1299 3025 1454 3066 eadem
1507 3024 1872 3079 compossibiliter
1922 3024 2094 3067 dicere:
2166 3024 2274 3075 Quis
2335 3023 2592 3078 infirmatur,

521 3102 564 3140 et
594 3112 675 3154 ego
705 3112 794 3141 non
824 3099 1046 3141 infirmor:
1079 3099 1187 3150 Quis
1218 3098 1542 3140 scandalizatur
1573 3102 1617 3139 et
1636 3110 1718 3152 ego
1739 3110 1827 3138 non
1847 3097 1980 3138 uror?
2010 3100 2260 3151 satagentes
2285 3110 2341 3138 ne
2361 3096 2511 3151 aliqua
2539 3095 2594 3138 de

522 3172 603 3223 his,
637 3185 750 3226 quae
779 3172 905 3213 vobis
936 3172 1126 3213 creditae
1157 3175 1270 3223 sunt,
1301 3170 1635 3212 rationabilibus
1668 3170 1823 3212 ovibus
1855 3183 1882 3211 a
1903 3169 2057 3211 bestiis
2080 3170 2288 3223 capiatur.
2319 3168 2440 3222 Ideo,
2462 3169 2595 3211 Pater
2627 3222 2630 3223 ⁷

521 3246 784 3298 beatissime,
836 3244 940 3299 quia
991 3257 1162 3298 semper
1206 3246 1506 3284 antecessores
1552 3243 1690 3284 nostri
1736 3246 1779 3283 et
1823 3254 1903 3283 nos
1948 3254 1976 3282 a
2019 3245 2167 3282 vestra
2209 3241 2451 3295 apostolica
2489 3241 2595 3298 sede

522 3320 734 3361 auxilium
777 3317 1027 3368 hausimus,
1074 3320 1118 3358 et
1161 3316 1299 3358 nostri
1343 3329 1422 3357 vos
1467 3328 1615 3356 curam
1671 3314 1833 3356 habere
1882 3315 2156 3369 agnovimus,
2207 3314 2449 3368 praefatam
2488 3327 2594 3369 apo-

523 3392 721 3435 stolicam
780 3395 825 3432 et
882 3403 1096 3431 summam
1158 3389 1403 3443 expetimus
1461 3389 1584 3429 iuxta
1643 3400 1859 3429 canonum
1918 3387 2096 3429 decreta
2144 3386 2293 3428 sedem
2314 3392 2350 3437 ,'
2385 3389 2436 3428 ut
2491 3385 2595 3428 inde

522 3466 734 3508 auxilium
764 3465 1000 3518 capiamus,
1040 3461 1157 3503 unde
1196 3461 1556 3516 praedecessores
1601 3460 1739 3501 nostri
1781 3459 2076 3501 'ordinationes
2122 3463 2166 3500 et
2209 3459 2417 3514 dogmata
2462 3462 2595 3513 atque

524 3537 849 3578 sublevationes
880 3538 1104 3589 ceperunt.
1136 3533 1206 3575 Ad
1235 3547 1332 3575 eam
1365 3547 1540 3588 quoque
1572 3533 1701 3587 quasi
1730 3536 1916 3574 matrem
1945 3532 2234 3580 recurrimus,
2279 3534 2329 3572 ut
2359 3530 2452 3571 eius
2491 3531 2597 3572 ube-

524 3608 644 3650 ribus
674 3609 930 3659 nutriamur,
963 3607 1171 3661 quoniam
1201 3619 1289 3647 non
1318 3609 1467 3660 potest
1496 3609 1636 3646 mater
1666 3605 1870 3646 oblivisci
1898 3604 2108 3645 infantem
2140 3616 2282 3646 suum.
2328 3601 2402 3643 Sic
2444 3606 2488 3644 et
2515 3616 2595 3644 vos

526 3681 661 3722 nolite
701 3680 901 3721 oblivisci
939 3693 1020 3721 nos
1060 3679 1184 3721 vobis
1223 3679 1499 3730 commissos,
1549 3666 1756 3732 quoniam
1795 3691 1884 3718 non
1923 3677 2094 3719 levibus
2123 3689 2205 3718 nos
2251 3675 2418 3716 inimici
2455 3674 2594 3716 nostri

527 3754 864 3807 implicaverunt
912 3752 1222 3794 afflictionibus
1264 3755 1308 3793 et
1348 3750 1540 3804 quotidie
1580 3750 1726 3792 facere
1775 3737 2013 3791 moliuntur
2054 3752 2098 3789 et
2136 3746 2478 3802 apprehendere,
2504 3736 2617 3787 'aut'

528 3825 653 3865 ferris
694 3837 773 3865 nos
822 3823 1148 3878 apprehendere
1189 3824 1433 3874 minantur,
1481 3822 1566 3863 nisi
1606 3827 1756 3863 eorum
1797 3821 2118 3863 consentiamus
2177 3818 2419 3865 erroribus:
2477 3816 2595 3871 quod

529 3909 806 3951 nequaquam
835 3897 960 3937 vobis
991 3894 1248 3936 inconsultis
1287 3908 1420 3949 agere
1459 3894 1788 3948 praesumimus.
1838 3892 2088 3934 Canonibus
2130 3891 2289 3946 quippe
2329 3888 2593 3939 iubentibus,

531 3968 696 4022 absque
712 3968 910 4024 Romano
940 3981 1020 4009 nos
1051 3967 1104 4008 de
1134 3967 1370 4008 maioribus
1402 3966 1545 4007 causis
1575 3965 1683 4006 nihil
1713 3965 1872 4007 debere
1901 3963 2134 4006 decernere
2152 3961 2371 4017 pontifice.
2400 3959 2593 4014 Ideoque
