2716 4446
156 284 250 317 Rom.
274 284 306 319 Ι.
321 284 353 318 8-

1301 125 1651 186 -206-

441 268 738 339 Praecipue
766 275 947 321 autem
973 266 1124 320 illam
1149 267 1334 336 fides¹)
1362 275 1533 336 ornat,
1563 269 1718 321 cuius
1745 268 1901 322 testis
1926 268 2157 323 idoneus
2185 277 2266 324 est
2288 270 2509 325 divinus

439 361 640 414 Paulus
680 360 947 413 clamans:
986 360 1154 413 Fides
1193 369 1375 414 vestra
1413 362 1764 415 annuntiatur
1800 364 1858 414 in
1894 363 2150 418 universo
2188 365 2388 418 mundo
2416 407 2429 420 .
2454 406 2468 418 .
2497 407 2510 420 .

441 454 602 520 Quod
640 455 686 506 si
726 455 907 509 statim
945 462 1069 524 post
1108 462 1364 526 suscepta
1403 454 1655 508 salutaris
1694 443 2118 526 praedicationis
2171 460 2378 512 semina
2413 461 2511 512 mi-

438 547 639 601 rabiles
696 547 795 600 hos
852 547 1059 600 fructus
1115 547 1388 601 uberrime
1444 548 1685 619 protulit,
1738 543 2154 620 praedicandae·
2176 571 2315 624 quae
2353 554 2410 606 in
2447 573 2513 608 ea

437 661 581 694 nunc
617 642 768 713 viget
804 642 994 712 pietati
1034 661 1302 712 quaenam
1340 661 1440 713 par
1478 662 1599 696 esse
1637 646 1811 714 possit
1848 647 2019 699 oratio
2033 645 2092 716 ‘?„
2151 645 2224 700 Et
2261 644 2519 718 exposito'

438 736 632 790 decore
684 755 716 789 a
761 735 909 813 ¹Petri
966 744 1020 789 et
1075 736 1233 790 Pauli
1270 737 1821 808 'sepulcris1Romae
1878 739 2020 793 facto
2061 739 2364 794 concludit:
2406 741 2514 811 „At

437 830 652 884 illorum
711 830 898 884 sedem
953 851 1098 884 nunc
1157 833 1319 884 etiam
1376 831 1592 885 illorum
1650 833 1804 886 Deus
1841 833 2151 903 illustravit,
2189 834 2317 887 dum
2353 835 2410 889 in
2448 853 2526 896 ea¹

439 927 781 979 sanctitatem
837 935 1073 979 vestram
1133 934 1315 980 rectae
1371 927 1500 981 fidei
1555 927 1737 981 radios
1800 927 2116 982 fundentem
2179 928 2508 1000 constituit.„

436 1018 618 1091 Atque
644 1019 882 1091 idipsum
906 1022 1107 1092 repetit
1132 1022 1734 1093 constantinopolitanis
1762 1023 2045 1076 monachis
2070 1024 2114 1097 2)
2140 1025 2216 1077 ita
2243 1023 2512 1078 scribens:

441 1112 584 1183 „Sed
623 1122 677 1167 et
716 1114 809 1185 qui
847 1133 991 1168 nunc
1028 1134 1281 1185 magnam
1319 1115 1548 1169 Romam
1584 1117 1740 1188 regit,
1771 1125 2162 1189 rectorumque
2202 1117 2515 1189 dogmatum

436 1207 617 1261 radios
657 1207 725 1260 ab
754 1226 952 1260 occasu
979 1227 1389 1279 quaquaversus
1417 1210 1685 1279 diffundit,
1733 1211 2105 1264 sanctissimus
2148 1211 2278 1279 Le0,
2306 1210 2512 1264 hancce
2575 1220 2578 1224 '

436 1302 594 1355 nobis
652 1303 780 1356 fidei
835 1304 1078 1374 regulam
1137 1304 1330 1358 litteris
1390 1306 1501 1358 suis
1559 1307 1863 1376 exposuit„
1925 1306 2095 1378 Atqui
2151 1305 2349 1359 radios·
2389 1305 2514 1359 illos

436 1396 790 1451 orthodoxiae
828 1398 942 1452 Leo
982 1417 1090 1452 non
1129 1399 1467 1452 diffundebat
1504 1418 1682 1471 neque
1719 1400 1847 1453 fidei
1884 1399 2026 1452 hanc
2063 1399 2309 1471 regulam
2348 1417 2513 1470 expo-

434 1490 601 1544 nebat
639 1493 775 1545 citra
831 1511 1033 1545 numen
1079 1491 1226 1545 illius
1285 1491 1535 1563 SpirituS‚
1597 1494 1691 1564 qui
1728 1501 1788 1546 ut
1825 1493 2101 1546 doctorem
2139 1511 2204 1546 ac
2241 1500 2512 1564 pastorem
2558 1550 2567 1556 ,

435 1585 792 1656 apostolicum
840 1588 896 1639 in
949 1604 1164 1639 omnem
1211 1586 1532 1640 inducturus
1584 1595 1668 1640 est
1717 1588 2022 1654 veritatem,
2061 1587 2137 1640 ita
2175 1587 2406 1640 eundem
2445 1584 2514 1639 ab

436 1683 583 1735 omni
621 1681 859 1735 falsitate
899 1683 1100 1753 iugiter
1140 1683 1390 1753 protegit.
1455 1683 1543 1735 Ad
1581 1682 1685 1739 hoc
1725 1684 1867 1736 enim
1909 1683 2144 1752 Spiritus
2183 1680 2510 1750 adsistentiS,

435 1786 495 1830 ut
531 1785 752 1848 recepta
790 1777 1051 1850 loquendi
1090 1776 1322 1829 formula
1358 1776 1479 1845 fert,
1528 1776 1800 1830 charisma
1851 1784 2038 1847 aperte
2076 1776 2302 1847 respicit
2337 1775 2512 1828 Theo-

436 1873 671 1941 doretuS‚
713 1871 927 1944 quando
965 1872 1022 1923 in
1062 1869 1293 1940 epistola
1329 1871 1497 1940 priori
1520 1871 1564 1941 3)
1605 1871 1896 1923 dilaudatis
1935 1871 2119 1941 magni
2143 1870 2346 1923 Leonis
2370 1868 2531 1939 ·dog-.

434 1968 648 2021 maticis
687 1966 758 2019 ad
796 1985 853 2019 se
893 1965 1033 2018 datis
1059 1964 1256 2018 litteris
1296 1964 1506 2017 subdit:
1563 1965 1708 2035 „Nos
1747 1983 1876 2018 vero
1907 1964 2242 2035 spiritualem
2271 1965 2328 2037 (a
2351 1981 2518 2017 causa

436 2061 706 2115 efficiente
745 2068 930 2114 sancto
972 2058 1203 2131 Spiritu)
1245 2060 1568 2130 sapientiam
1606 2066 1755 2111 tuam
1784 2058 2051 2134 admirati,
2079 2056 2315 2130 Spiritus
2342 2057 2516 2111 sancti

435 2141 680 2227 gratiam,
721 2175 858 2228 quae
886 2174 985 2227 per
1011 2174 1107 2209 vos
1134 2154 1358 2226 loquuta
1385 2162 1482 2223 est,
1511 2153 1856 2222 extulimus„
1899 2153 2022 2220 Qua
2049 2152 2316 2206 sententia
2341 2150 2514 2205 Theo·

436 2251 610 2305 doreti
647 2249 784 2303 nihil
823 2247 1184 2322 praeclarius:
1226 2248 1433 2301 sistitur
1472 2249 1615 2301 enim

569 2392 574 2398 ⁴
612 2367 658 2418 1.
701 2364 1007 2418 subiectum
1048 2365 1136 2417 cui
1174 2364 1379 2417 veritas
1418 2382 1483 2417 ac
1521 2359 1788 2417 rectitudo
1816 2362 2130 2434 dogmatum
2155 2364 2314 2431 inest,
2342 2367 2514 2416 roma·

435 2479 537 2513 nus
578 2461 897 2532 episcopus:
941 2459 1280 2530 significatur

610 2579 660 2630 2.
691 2588 856 2630 causa
880 2577 1128 2630 veritatis
1152 2576 1299 2629 illius
1322 2594 1386 2628 ac
1410 2575 1771 2643 rectitudiniS,
1795 2575 1968 2628 sancti
1984 2573 2219 2645 Spiritus
2240 2574 2438 2644 gratia:
2463 2580 2516 2626 et

610 2693 661 2748 3.
699 2692 996 2749 efferuntur
1034 2692 1241 2745 fructus
1282 2710 1347 2744 ac
1384 2692 1509 2744 finis
1549 2692 1848 2761 utriusque,
1899 2690 2156 2742 nimirum
2187 2695 2344 2742 recta
2379 2686 2516 2740 fides

438 2806 501 2839 ac
539 2785 861 2840 illuminatio
901 2805 1033 2841 vera
1071 2780 1317 2852 universi
1355 2784 1544 2839 mundi
1584 2786 1930 2855 omniumque
1969 2782 2226 2853 gentium.

617 3162 651 3218 ¹)
685 3158 1024 3205 Sed'enimvero
1058 3159 1184 3214 quale
1214 3159 1299 3200 hoc
1330 3163 1396 3199 est
1426 3161 1727 3199 ornamentum
1758 3157 1859 3198 fidei
1900 3157 2183 3210 praecipuum
2212 3156 2318 3209 prae
2349 3155 2517 3202 cunctis

439 3236 620 3278 urbibus
652 3237 738 3276 nisi
767 3235 811 3289 a)
842 3234 950 3275 fides
981 3237 1098 3274 tuta:
1131 3237 1223 3273 tum
1254 3231 1299 3286 b)
1331 3231 1438 3272 fides
1469 3244 1548 3285 pro
1579 3231 1786 3272 universa
1815 3229 1990 3281 mundo,
2022 3232 2071 3269 ut
2101 3228 2265 3268 Paulus
2287 3226 2516 3281 siguificat,

441 3308 672 3349 normalis:
706 3307 902 3366 adeoque
935 3307 978 3358 c)
1010 3304 1118 3346 fides
1151 3317 1263 3358 quae
1294 3316 1435 3356 neque
1467 3307 1702 3356 augmento
1726 3315 1870 3356 neque
1893 3302 2168 3343 decremento
2191 3300 2351 3341 mutari
2373 3300 2519 3353 possit

442 3386 574 3435 atque
615 3380 848 3422 desinere?
1796 3438 1800 3441 Δ

619 3475 653 3529 ²)
684 3476 769 3528 Ep.
803 3473 902 3517 145.
932 3473 961 3516 l.
995 3487 1033 3517 e.
1065 3487 1108 3526 p.
1142 3469 1268 3514 1383.
1301 3470 1400 3510 Καὶ
1430 3470 1508 3518 μὲν
1542 3467 1598 3524 δὴ
1626 3470 1701 3510 καὶ
1724 3466 1749 3511 0‘
1773 3469 1852 3510 νῦν
1883 3466 1965 3523 τήν
1995 3467 2188 3522 μεγάλην
2217 3463 2383 3520 Ῥώμην
2415 3463 2546 3507 ἰθύ,>

443 3579 540 3615 νων,
572 3562 648 3603 καὶ
678 3562 765 3603 τῶν
799 3557 952 3618 ὀρθῶν
985 3558 1226 3611 δογμάτων
1256 3555 1341 3602 τοὶς
1373 3555 1556 3601 ἀκτῖνας
1598 3557 1640 3597 ἐκ
1672 3557 1752 3612 τῆς·
1779 3553 1993 3613 ‘Ean-{9013
2023 3554 2224 3596 πάντοσε
2257 3548 2517 3624 ιῖκτιείνοίναοζ

444 3647 698 3702 οἱγιώτοιτος
744 3650 887 3702 Λέων,
931 3648 1102 3690 τοῦτον
1144 3644 1245 3702 ἡμῖν
1289 3646 1370 3701 τῆς
1412 3646 1600 3689 πίστεως
1639 3642 1723 3686 τόν
1765 3644 2039 3701 χαρακτῆρα
2085 3639 2166 3683 διὰ
2213 3640 2301 3683 τῶν·
2346 3638 2517 3682 οἰκείων

443 3736 719 3794 γραμμάτων
751 3735 1061 3794 προσήνεγκεν.

620 3832 654 3886 3)
686 3833 796 3876 Ibid.
828 3846 871 3885 p.
906 3829 1034 3874 1316.
1065 3825 1212 3878 Ἡμεῖς·
1243 3829 1294 3868 δὲ
1329 3825 1411 3882 τὴν
1443 3825 1749 3881 πνευματικήν
1781 3841 1862 3868 σου
1882 3824 2058 3874 σοφίαν
2088 3822 2409 3872 θαυμάσαντες
2437 3819 2518 3876 τήν

444 3915 502 3960 δι’
536 3915 656 3969 ὑμῶν
688 3919 996 3973 φθεγξαμένην
1027 3917 1118 3959 τοῦ
1149 3912 1284 3966 ἁγίου
1314 3914 1572 3965 πνεύματος
1604 3910 1919 3970 ἄνυμνῄσαμεν
1950 3909 2101 3969 χάριν.
2156 3972 2163 3979 „
