<?xml version="1.0" encoding="UTF-8"?>
<!DOCTYPE html PUBLIC "-//W3C//DTD XHTML 1.0 Transitional//EN"
    "http://www.w3.org/TR/xhtml1/DTD/xhtml1-transitional.dtd">
<html xmlns="http://www.w3.org/1999/xhtml" xml:lang="en" lang="en">
 <head>
  <title>
</title>
<meta http-equiv="Content-Type" content="text/html;charset=utf-8" />
  <meta name='ocr-system' content='tesseract 3.04.00' />
  <meta name='ocr-capabilities' content='ocr_page ocr_carea ocr_par ocr_line ocrx_word'/>
</head>
<body>
  <div class='ocr_page' id='page_1' title='image "a607958700schruoft_0048.png"; bbox 0 0 2626 4432; ppageno 0'>
   <div class='ocr_carea' id='block_1_1' title="bbox 61 739 372 826">
    <p class='ocr_par' dir='ltr' id='par_1_1' title="bbox 61 739 372 826">
     <span class='ocr_line' id='line_1_1' title="bbox 61 739 372 776; baseline -0.013 0"><span class='ocrx_word' id='word_1_1' title='bbox 61 742 268 776; x_wconf 60' lang='lat' dir='ltr'>Manium·</span> <span class='ocrx_word' id='word_1_2' title='bbox 294 739 372 773; x_wconf 85' lang='lat' dir='ltr'>Be-</span> 
     </span>
     <span class='ocr_line' id='line_1_2' title="bbox 145 799 283 826; baseline -0.022 0"><span class='ocrx_word' id='word_1_3' title='bbox 145 799 283 826; x_wconf 74' lang='lat' dir='ltr'>canus.</span> 
     </span>
    </p>
   </div>
   <div class='ocr_carea' id='block_1_2' title="bbox 102 1755 373 1800">
    <p class='ocr_par' dir='ltr' id='par_1_2' title="bbox 102 1755 373 1800">
     <span class='ocr_line' id='line_1_3' title="bbox 102 1755 373 1800; baseline -0.004 -11"><span class='ocrx_word' id='word_1_4' title='bbox 102 1755 373 1800; x_wconf 73' lang='lat' dir='ltr'>Auyustinus.</span> 
     </span>
    </p>
   </div>
   <div class='ocr_carea' id='block_1_3' title="bbox 51 3292 387 3386">
    <p class='ocr_par' dir='ltr' id='par_1_3' title="bbox 51 3292 387 3386">
     <span class='ocr_line' id='line_1_4' title="bbox 51 3292 387 3327; baseline -0.012 -2"><span class='ocrx_word' id='word_1_5' title='bbox 51 3292 271 3326; x_wconf 75' lang='lat' dir='ltr'><strong><em>Doctrinae</em></strong></span> <span class='ocrx_word' id='word_1_6' title='bbox 318 3300 387 3327; x_wconf 82' lang='lat' dir='ltr'>ca-</span> 
     </span>
     <span class='ocr_line' id='line_1_5' title="bbox 172 3344 273 3386; baseline 0.02 -11"><span class='ocrx_word' id='word_1_7' title='bbox 172 3344 273 3386; x_wconf 78' lang='lat' dir='ltr'>pila.</span> 
     </span>
    </p>
   </div>
   <div class='ocr_carea' id='block_1_4' title="bbox 1229 116 1618 206">
    <p class='ocr_par' dir='ltr' id='par_1_4' title="bbox 1229 116 1618 206">
     <span class='ocr_line' id='line_1_6' title="bbox 1229 116 1618 206; baseline -0.018 3"><span class='ocrx_word' id='word_1_8' title='bbox 1229 116 1618 206; x_wconf 77' lang='lat'>—30-‘</span> 
     </span>
    </p>
   </div>
   <div class='ocr_carea' id='block_1_5' title="bbox 388 301 2449 471">
    <p class='ocr_par' dir='ltr' id='par_1_5' title="bbox 388 301 2449 471">
     <span class='ocr_line' id='line_1_7' title="bbox 388 301 2449 379; baseline -0.013 0"><span class='ocrx_word' id='word_1_9' title='bbox 388 329 726 379; x_wconf 80' lang='lat' dir='ltr'>exerceatur:</span> <span class='ocrx_word' id='word_1_10' title='bbox 765 317 955 370; x_wconf 91' lang='lat' dir='ltr'>eodem</span> <span class='ocrx_word' id='word_1_11' title='bbox 993 314 1112 365; x_wconf 92' lang='lat' dir='ltr'>illos</span> <span class='ocrx_word' id='word_1_12' title='bbox 1151 304 1497 367; x_wconf 73' lang='grc' dir='ltr'><em>ὑποθετικῶς</em></span> <span class='ocrx_word' id='word_1_13' title='bbox 1533 301 1797 369; x_wconf 79' lang='lat' dir='ltr'>adstringi</span> <span class='ocrx_word' id='word_1_14' title='bbox 1845 307 1900 352; x_wconf 93' lang='lat' dir='ltr'>ut</span> <span class='ocrx_word' id='word_1_15' title='bbox 1939 301 1991 351; x_wconf 89' lang='lat' dir='ltr'>in</span> <span class='ocrx_word' id='word_1_16' title='bbox 2030 315 2128 352; x_wconf 89' lang='lat' dir='ltr'>sua</span> <span class='ocrx_word' id='word_1_17' title='bbox 2167 302 2251 354; x_wconf 90' lang='lat' dir='ltr'>cui</span> <span class='ocrx_word' id='word_1_18' title='bbox 2290 319 2449 371; x_wconf 89' lang='lat' dir='ltr'>prae-</span> 
     </span>
     <span class='ocr_line' id='line_1_8' title="bbox 388 393 2449 471; baseline -0.012 0"><span class='ocrx_word' id='word_1_19' title='bbox 388 426 507 471; x_wconf 84' lang='lat' dir='ltr'><strong>sunt</strong></span> <span class='ocrx_word' id='word_1_20' title='bbox 561 417 815 468; x_wconf 88' lang='lat' dir='ltr'>societate</span> <span class='ocrx_word' id='word_1_21' title='bbox 863 423 1113 462; x_wconf 88' lang='lat' dir='ltr'>romanae</span> <span class='ocrx_word' id='word_1_22' title='bbox 1163 402 1378 456; x_wconf 92' lang='lat' dir='ltr'>unitatis</span> <span class='ocrx_word' id='word_1_23' title='bbox 1421 399 1549 466; x_wconf 83' lang='lat' dir='ltr'>jura</span> <span class='ocrx_word' id='word_1_24' title='bbox 1596 400 1892 446; x_wconf 80' lang='lat' dir='ltr'>serventur.</span> <span class='ocrx_word' id='word_1_25' title='bbox 1969 393 2239 447; x_wconf 82' lang='lat' dir='ltr'>Tenentur</span> <span class='ocrx_word' id='word_1_26' title='bbox 2286 410 2449 463; x_wconf 88' lang='lat' dir='ltr'>porro</span> 
     </span>
    </p>
   </div>
   <div class='ocr_carea' id='block_1_6' title="bbox 389 492 1422 568">
    <p class='ocr_par' dir='ltr' id='par_1_6' title="bbox 389 492 1422 568">
     <span class='ocr_line' id='line_1_9' title="bbox 389 492 1422 568; baseline -0.019 -5"><span class='ocrx_word' id='word_1_27' title='bbox 389 510 680 563; x_wconf 86' lang='lat' dir='ltr'>arctissimo</span> <span class='ocrx_word' id='word_1_28' title='bbox 710 503 730 535; x_wconf 80' lang='lat'><strong>¹</strong></span> <span class='ocrx_word' id='word_1_29' title='bbox 770 518 938 568; x_wconf 89' lang='lat' dir='ltr'>eoque</span> <span class='ocrx_word' id='word_1_30' title='bbox 987 499 1143 551; x_wconf 89' lang='lat' dir='ltr'>etiam</span> <span class='ocrx_word' id='word_1_31' title='bbox 1181 492 1422 548; x_wconf 91' lang='lat' dir='ltr'>naturali.</span> 
     </span>
    </p>
   </div>
   <div class='ocr_carea' id='block_1_7' title="bbox 383 604 2462 2735">
    <p class='ocr_par' dir='ltr' id='par_1_7' title="bbox 383 604 2462 2735">
     <span class='ocr_line' id='line_1_10' title="bbox 529 604 2452 678; baseline -0.008 0"><span class='ocrx_word' id='word_1_32' title='bbox 529 625 611 678; x_wconf 83' lang='lat'>41.</span> <span class='ocrx_word' id='word_1_33' title='bbox 661 622 802 674; x_wconf 91' lang='lat' dir='ltr'>Nihil</span> <span class='ocrx_word' id='word_1_34' title='bbox 852 615 1145 670; x_wconf 88' lang='lat' dir='ltr'>desiderari</span> <span class='ocrx_word' id='word_1_35' title='bbox 1191 613 1256 665; x_wconf 91' lang='lat' dir='ltr'>ad</span> <span class='ocrx_word' id='word_1_36' title='bbox 1309 629 1419 663; x_wconf 85' lang='lat' dir='ltr'>rem</span> <span class='ocrx_word' id='word_1_37' title='bbox 1462 604 1719 663; x_wconf 80' lang='lat' dir='ltr'>illustrius</span> <span class='ocrx_word' id='word_1_38' title='bbox 1770 609 1997 676; x_wconf 87' lang='lat' dir='ltr'>poterit,</span> <span class='ocrx_word' id='word_1_39' title='bbox 2048 625 2203 676; x_wconf 86' lang='lat' dir='ltr'>quam</span> <span class='ocrx_word' id='word_1_40' title='bbox 2257 609 2400 676; x_wconf 89' lang='lat' dir='ltr'>quod</span> <span class='ocrx_word' id='word_1_41' title='bbox 2430 607 2452 642; x_wconf 81' lang='lat'>²</span> 
     </span>
     <span class='ocr_line' id='line_1_11' title="bbox 386 702 2451 775; baseline -0.008 -3"><span class='ocrx_word' id='word_1_42' title='bbox 386 719 643 772; x_wconf 84' lang='lat' dir='ltr'>Martinus</span> <span class='ocrx_word' id='word_1_43' title='bbox 681 713 922 766; x_wconf 89' lang='lat' dir='ltr'>Becanus</span> <span class='ocrx_word' id='word_1_44' title='bbox 959 705 1250 775; x_wconf 83' lang='lat' dir='ltr'>respondet</span> <span class='ocrx_word' id='word_1_45' title='bbox 1287 705 1353 756; x_wconf 91' lang='lat' dir='ltr'>ad</span> <span class='ocrx_word' id='word_1_46' title='bbox 1388 703 1775 771; x_wconf 85' lang='lat' dir='ltr'>quaestionem:</span> <span class='ocrx_word' id='word_1_47' title='bbox 1843 702 2028 770; x_wconf 81' lang='lat' dir='ltr'>„Quod</span> <span class='ocrx_word' id='word_1_48' title='bbox 2086 703 2154 753; x_wconf 92' lang='lat' dir='ltr'>sit</span> <span class='ocrx_word' id='word_1_49' title='bbox 2189 718 2323 770; x_wconf 88' lang='lat' dir='ltr'>ergo</span> <span class='ocrx_word' id='word_1_50' title='bbox 2368 703 2451 756; x_wconf 83' lang='lat' dir='ltr'>of-</span> 
     </span>
     <span class='ocr_line' id='line_1_12' title="bbox 384 796 2452 874; baseline -0.008 -10"><span class='ocrx_word' id='word_1_51' title='bbox 384 813 555 865; x_wconf 89' lang='lat' dir='ltr'>ficium</span> <span class='ocrx_word' id='word_1_52' title='bbox 611 807 756 874; x_wconf 88' lang='lat' dir='ltr'>regis</span> <span class='ocrx_word' id='word_1_53' title='bbox 812 805 954 857; x_wconf 90' lang='lat' dir='ltr'>circa</span> <span class='ocrx_word' id='word_1_54' title='bbox 1002 799 1280 853; x_wconf 90' lang='lat' dir='ltr'>ecclesiam</span> <span class='ocrx_word' id='word_1_55' title='bbox 1301 798 1361 865; x_wconf 71' lang='lat'>2„</span> <span class='ocrx_word' id='word_1_56' title='bbox 1429 798 1683 851; x_wconf 83' lang='lat' dir='ltr'>Detracta</span> <span class='ocrx_word' id='word_1_57' title='bbox 1742 797 1963 867; x_wconf 88' lang='lat' dir='ltr'>regibus</span> <span class='ocrx_word' id='word_1_58' title='bbox 2016 802 2070 849; x_wconf 86' lang='lat' dir='ltr'>et</span> <span class='ocrx_word' id='word_1_59' title='bbox 2120 796 2452 865; x_wconf 88' lang='lat' dir='ltr'>principibus</span> 
     </span>
     <span class='ocr_line' id='line_1_13' title="bbox 383 888 2452 967; baseline -0.007 -11"><span class='ocrx_word' id='word_1_60' title='bbox 383 902 744 956; x_wconf 88' lang='lat' dir='ltr'>saecularibus</span> <span class='ocrx_word' id='word_1_61' title='bbox 806 894 1178 965; x_wconf 87' lang='lat' dir='ltr'>jurisdictione</span> <span class='ocrx_word' id='word_1_62' title='bbox 1241 890 1499 943; x_wconf 86' lang='lat' dir='ltr'>exteriori</span> <span class='ocrx_word' id='word_1_63' title='bbox 1559 890 1611 941; x_wconf 92' lang='lat' dir='ltr'>in</span> <span class='ocrx_word' id='word_1_64' title='bbox 1681 891 1964 967; x_wconf 86' lang='lat' dir='ltr'>ecclesiam</span> <span class='ocrx_word' id='word_1_65' title='bbox 2031 890 2248 958; x_wconf 87' lang='lat' dir='ltr'>pergit:</span> <span class='ocrx_word' id='word_1_66' title='bbox 2330 888 2452 958; x_wconf 87' lang='lat' dir='ltr'>„An</span> 
     </span>
     <span class='ocr_line' id='line_1_14' title="bbox 384 981 2452 1065; baseline -0.007 -15"><span class='ocrx_word' id='word_1_67' title='bbox 384 999 542 1065; x_wconf 89' lang='lat' dir='ltr'>igitur</span> <span class='ocrx_word' id='word_1_68' title='bbox 595 995 809 1060; x_wconf 90' lang='lat' dir='ltr'>regibus</span> <span class='ocrx_word' id='word_1_69' title='bbox 858 991 909 1041; x_wconf 92' lang='lat' dir='ltr'>in</span> <span class='ocrx_word' id='word_1_70' title='bbox 957 987 1213 1055; x_wconf 89' lang='lat' dir='ltr'>regimine</span> <span class='ocrx_word' id='word_1_71' title='bbox 1253 984 1622 1037; x_wconf 88' lang='lat' dir='ltr'>ecclesiastico</span> <span class='ocrx_word' id='word_1_72' title='bbox 1663 983 1791 1035; x_wconf 89' lang='lat' dir='ltr'>nihil</span> <span class='ocrx_word' id='word_1_73' title='bbox 1839 984 2098 1050; x_wconf 88' lang='lat' dir='ltr'>reliquum</span> <span class='ocrx_word' id='word_1_74' title='bbox 2139 983 2269 1036; x_wconf 64' lang='lat' dir='ltr'>est?</span> <span class='ocrx_word' id='word_1_75' title='bbox 2361 981 2452 1036; x_wconf 84' lang='lat' dir='ltr'>An</span> 
     </span>
     <span class='ocr_line' id='line_1_15' title="bbox 385 1075 2453 1159; baseline -0.006 -18"><span class='ocrx_word' id='word_1_76' title='bbox 385 1091 542 1159; x_wconf 89' lang='lat' dir='ltr'>plane</span> <span class='ocrx_word' id='word_1_77' title='bbox 602 1089 667 1139; x_wconf 89' lang='lat' dir='ltr'>ab</span> <span class='ocrx_word' id='word_1_78' title='bbox 730 1086 830 1137; x_wconf 90' lang='lat' dir='ltr'>hac</span> <span class='ocrx_word' id='word_1_79' title='bbox 890 1098 1018 1135; x_wconf 88' lang='lat' dir='ltr'>cura</span> <span class='ocrx_word' id='word_1_80' title='bbox 1081 1078 1283 1132; x_wconf 80' lang='lat' dir='ltr'>exclusi</span> <span class='ocrx_word' id='word_1_81' title='bbox 1346 1083 1399 1128; x_wconf 86' lang='lat' dir='ltr'>et</span> <span class='ocrx_word' id='word_1_82' title='bbox 1460 1077 1718 1128; x_wconf 89' lang='lat' dir='ltr'>immunes</span> <span class='ocrx_word' id='word_1_83' title='bbox 1775 1075 1938 1127; x_wconf 67' lang='lat' dir='ltr'>sunt?</span> <span class='ocrx_word' id='word_1_84' title='bbox 2010 1075 2194 1129; x_wconf 85' lang='lat' dir='ltr'>Dicam</span> <span class='ocrx_word' id='word_1_85' title='bbox 2250 1077 2453 1145; x_wconf 80' lang='lat' dir='ltr'>pauciS,</span> 
     </span>
     <span class='ocr_line' id='line_1_16' title="bbox 387 1167 2454 1250; baseline -0.006 -16"><span class='ocrx_word' id='word_1_86' title='bbox 387 1181 526 1250; x_wconf 93' lang='lat' dir='ltr'>quod</span> <span class='ocrx_word' id='word_1_87' title='bbox 573 1195 659 1232; x_wconf 91' lang='lat' dir='ltr'>res</span> <span class='ocrx_word' id='word_1_88' title='bbox 707 1184 814 1230; x_wconf 91' lang='lat' dir='ltr'>est:</span> <span class='ocrx_word' id='word_1_89' title='bbox 877 1183 930 1227; x_wconf 92' lang='lat' dir='ltr'>et</span> <span class='ocrx_word' id='word_1_90' title='bbox 978 1175 1116 1227; x_wconf 89' lang='lat' dir='ltr'>dabo</span> <span class='ocrx_word' id='word_1_91' title='bbox 1164 1171 1385 1224; x_wconf 85' lang='lat' dir='ltr'>Caesari</span> <span class='ocrx_word' id='word_1_92' title='bbox 1436 1186 1572 1236; x_wconf 90' lang='lat' dir='ltr'>quae</span> <span class='ocrx_word' id='word_1_93' title='bbox 1624 1167 1876 1221; x_wconf 85' lang='lat' dir='ltr'>Caesaris</span> <span class='ocrx_word' id='word_1_94' title='bbox 1929 1175 2080 1234; x_wconf 90' lang='lat' dir='ltr'>sunt,</span> <span class='ocrx_word' id='word_1_95' title='bbox 2143 1169 2259 1221; x_wconf 93' lang='lat' dir='ltr'>Deo</span> <span class='ocrx_word' id='word_1_96' title='bbox 2317 1186 2454 1238; x_wconf 88' lang='lat' dir='ltr'>quae</span> 
     </span>
     <span class='ocr_line' id='line_1_17' title="bbox 386 1259 2455 1336; baseline -0.006 -9"><span class='ocrx_word' id='word_1_97' title='bbox 386 1276 497 1327; x_wconf 80' lang='lat' dir='ltr'>Dei.</span> <span class='ocrx_word' id='word_1_98' title='bbox 571 1271 658 1325; x_wconf 92' lang='lat' dir='ltr'>Ac</span> <span class='ocrx_word' id='word_1_99' title='bbox 706 1273 1031 1336; x_wconf 78' lang='lat' dir='ltr'>primum</span> <span class='ocrx_word' id='word_1_100' title='bbox 1085 1265 1214 1318; x_wconf 92' lang='lat' dir='ltr'>illud</span> <span class='ocrx_word' id='word_1_101' title='bbox 1269 1262 1606 1317; x_wconf 85' lang='lat' dir='ltr'>statuendum</span> <span class='ocrx_word' id='word_1_102' title='bbox 1665 1268 1748 1313; x_wconf 89' lang='lat' dir='ltr'>est</span> <span class='ocrx_word' id='word_1_103' title='bbox 1798 1268 1984 1313; x_wconf 88' lang='lat' dir='ltr'>contra</span> <span class='ocrx_word' id='word_1_104' title='bbox 2032 1259 2303 1330; x_wconf 79' lang='lat' dir='ltr'>politicOS,</span> <span class='ocrx_word' id='word_1_105' title='bbox 2368 1280 2455 1315; x_wconf 90' lang='lat' dir='ltr'>re-</span> 
     </span>
     <span class='ocr_line' id='line_1_18' title="bbox 387 1358 2455 1434; baseline -0.003 -16"><span class='ocrx_word' id='word_1_106' title='bbox 387 1383 484 1434; x_wconf 91' lang='lat' dir='ltr'>ges</span> <span class='ocrx_word' id='word_1_107' title='bbox 533 1372 585 1416; x_wconf 90' lang='lat' dir='ltr'>et</span> <span class='ocrx_word' id='word_1_108' title='bbox 630 1363 898 1432; x_wconf 86' lang='lat' dir='ltr'>principes</span> <span class='ocrx_word' id='word_1_109' title='bbox 949 1359 1266 1413; x_wconf 89' lang='lat' dir='ltr'>christianos</span> <span class='ocrx_word' id='word_1_110' title='bbox 1315 1374 1421 1410; x_wconf 91' lang='lat' dir='ltr'>non</span> <span class='ocrx_word' id='word_1_111' title='bbox 1472 1359 1547 1411; x_wconf 89' lang='lat' dir='ltr'>ita</span> <span class='ocrx_word' id='word_1_112' title='bbox 1598 1358 1799 1411; x_wconf 90' lang='lat' dir='ltr'>debere</span> <span class='ocrx_word' id='word_1_113' title='bbox 1847 1370 1943 1410; x_wconf 86' lang='lat' dir='ltr'>sua</span> <span class='ocrx_word' id='word_1_114' title='bbox 1992 1375 2163 1426; x_wconf 89' lang='lat' dir='ltr'>regna</span> <span class='ocrx_word' id='word_1_115' title='bbox 2215 1375 2280 1412; x_wconf 90' lang='lat' dir='ltr'>ac</span> <span class='ocrx_word' id='word_1_116' title='bbox 2326 1374 2455 1427; x_wconf 88' lang='lat' dir='ltr'>pro-</span> 
     </span>
     <span class='ocr_line' id='line_1_19' title="bbox 385 1452 2456 1520; baseline -0.003 -9"><span class='ocrx_word' id='word_1_117' title='bbox 385 1459 589 1512; x_wconf 89' lang='lat' dir='ltr'>vincias</span> <span class='ocrx_word' id='word_1_118' title='bbox 651 1456 1039 1515; x_wconf 87' lang='lat' dir='ltr'>administrare,</span> <span class='ocrx_word' id='word_1_119' title='bbox 1105 1459 1161 1505; x_wconf 91' lang='lat' dir='ltr'>ut</span> <span class='ocrx_word' id='word_1_120' title='bbox 1226 1467 1430 1504; x_wconf 92' lang='lat' dir='ltr'>omnem</span> <span class='ocrx_word' id='word_1_121' title='bbox 1492 1452 1771 1520; x_wconf 80' lang='lat' dir='ltr'>religionis</span> <span class='ocrx_word' id='word_1_122' title='bbox 1834 1459 1889 1504; x_wconf 92' lang='lat' dir='ltr'>et</span> <span class='ocrx_word' id='word_1_123' title='bbox 1950 1453 2215 1505; x_wconf 86' lang='lat' dir='ltr'>ecclesiae</span> <span class='ocrx_word' id='word_1_124' title='bbox 2274 1468 2456 1507; x_wconf 85' lang='lat' dir='ltr'>curam</span> 
     </span>
     <span class='ocr_line' id='line_1_20' title="bbox 388 1545 2456 1621; baseline -0.003 -16"><span class='ocrx_word' id='word_1_125' title='bbox 388 1553 669 1621; x_wconf 88' lang='lat' dir='ltr'>abjiciant,</span> <span class='ocrx_word' id='word_1_126' title='bbox 710 1556 953 1616; x_wconf 86' lang='lat' dir='ltr'>tanquam</span> <span class='ocrx_word' id='word_1_127' title='bbox 992 1547 1119 1598; x_wconf 89' lang='lat' dir='ltr'>nihil</span> <span class='ocrx_word' id='word_1_128' title='bbox 1157 1545 1223 1597; x_wconf 89' lang='lat' dir='ltr'>ad</span> <span class='ocrx_word' id='word_1_129' title='bbox 1267 1561 1325 1596; x_wconf 94' lang='lat' dir='ltr'>se</span> <span class='ocrx_word' id='word_1_130' title='bbox 1365 1546 1750 1614; x_wconf 88' lang='lat' dir='ltr'>pertinentem,</span> <span class='ocrx_word' id='word_1_131' title='bbox 1799 1552 1852 1597; x_wconf 87' lang='lat' dir='ltr'>et</span> <span class='ocrx_word' id='word_1_132' title='bbox 1891 1551 2153 1614; x_wconf 90' lang='lat' dir='ltr'>usurpent</span> <span class='ocrx_word' id='word_1_133' title='bbox 2187 1545 2320 1598; x_wconf 90' lang='lat' dir='ltr'>illud</span> <span class='ocrx_word' id='word_1_134' title='bbox 2357 1545 2456 1599; x_wconf 91' lang='lat' dir='ltr'>do-</span> 
     </span>
     <span class='ocr_line' id='line_1_21' title="bbox 390 1638 2459 1712; baseline -0.002 -16"><span class='ocrx_word' id='word_1_135' title='bbox 390 1645 720 1697; x_wconf 88' lang='lat' dir='ltr'>natistarum:</span> <span class='ocrx_word' id='word_1_136' title='bbox 765 1640 898 1705; x_wconf 82' lang='lat' dir='ltr'>Quid</span> <span class='ocrx_word' id='word_1_137' title='bbox 937 1639 1248 1708; x_wconf 87' lang='lat' dir='ltr'>imperatori</span> <span class='ocrx_word' id='word_1_138' title='bbox 1286 1654 1402 1692; x_wconf 86' lang='lat' dir='ltr'>cum</span> <span class='ocrx_word' id='word_1_139' title='bbox 1435 1638 1710 1691; x_wconf 64' lang='lat' dir='ltr'>ecclesia?</span> <span class='ocrx_word' id='word_1_140' title='bbox 1766 1639 1908 1706; x_wconf 90' lang='lat' dir='ltr'>quod</span> <span class='ocrx_word' id='word_1_141' title='bbox 1947 1647 2232 1712; x_wconf 85' lang='lat' dir='ltr'>tantopere</span> <span class='ocrx_word' id='word_1_142' title='bbox 2270 1656 2459 1708; x_wconf 88' lang='lat' dir='ltr'>repre-</span> 
     </span>
     <span class='ocr_line' id='line_1_22' title="bbox 389 1730 2458 1803; baseline -0.001 -15"><span class='ocrx_word' id='word_1_143' title='bbox 389 1737 570 1789; x_wconf 90' lang='lat' dir='ltr'>hendit</span> <span class='ocrx_word' id='word_1_144' title='bbox 605 1734 937 1803; x_wconf 84' lang='lat' dir='ltr'>Augustinus</span> <span class='ocrx_word' id='word_1_145' title='bbox 982 1733 1014 1784; x_wconf 94' lang='grc'>1.</span> <span class='ocrx_word' id='word_1_146' title='bbox 1053 1732 1116 1784; x_wconf 91' lang='lat'>11.</span> <span class='ocrx_word' id='word_1_147' title='bbox 1160 1748 1202 1784; x_wconf 92' lang='lat' dir='ltr'>c.</span> <span class='ocrx_word' id='word_1_148' title='bbox 1248 1731 1343 1784; x_wconf 89' lang='lat' dir='ltr'>litt.</span> <span class='ocrx_word' id='word_1_149' title='bbox 1382 1731 1534 1784; x_wconf 89' lang='lat' dir='ltr'>Petil.</span> <span class='ocrx_word' id='word_1_150' title='bbox 1586 1748 1629 1785; x_wconf 91' lang='lat' dir='ltr'>c.</span> <span class='ocrx_word' id='word_1_151' title='bbox 1668 1730 1751 1784; x_wconf 86' lang='lat'>92.</span> <span class='ocrx_word' id='word_1_152' title='bbox 1827 1732 1943 1785; x_wconf 90' lang='lat' dir='ltr'>Hoc</span> <span class='ocrx_word' id='word_1_153' title='bbox 1997 1733 2136 1784; x_wconf 91' lang='lat' dir='ltr'>enim</span> <span class='ocrx_word' id='word_1_154' title='bbox 2186 1739 2238 1786; x_wconf 89' lang='lat' dir='ltr'>et</span> <span class='ocrx_word' id='word_1_155' title='bbox 2288 1734 2458 1786; x_wconf 89' lang='lat' dir='ltr'>sacris</span> 
     </span>
     <span class='ocr_line' id='line_1_23' title="bbox 389 1825 2456 1893; baseline -0.001 -11"><span class='ocrx_word' id='word_1_156' title='bbox 389 1832 576 1883; x_wconf 87' lang='lat' dir='ltr'>litteris</span> <span class='ocrx_word' id='word_1_157' title='bbox 616 1836 669 1882; x_wconf 93' lang='lat' dir='ltr'>et</span> <span class='ocrx_word' id='word_1_158' title='bbox 705 1831 962 1882; x_wconf 89' lang='lat' dir='ltr'>bonorum</span> <span class='ocrx_word' id='word_1_159' title='bbox 1001 1842 1186 1892; x_wconf 90' lang='lat' dir='ltr'>regum</span> <span class='ocrx_word' id='word_1_160' title='bbox 1225 1826 1519 1892; x_wconf 86' lang='lat' dir='ltr'>exempliS,</span> <span class='ocrx_word' id='word_1_161' title='bbox 1557 1831 1611 1877; x_wconf 88' lang='lat' dir='ltr'>et</span> <span class='ocrx_word' id='word_1_162' title='bbox 1647 1825 1844 1878; x_wconf 89' lang='lat' dir='ltr'>rationi</span> <span class='ocrx_word' id='word_1_163' title='bbox 1881 1826 1985 1893; x_wconf 93' lang='lat' dir='ltr'>ipsi</span> <span class='ocrx_word' id='word_1_164' title='bbox 2010 1827 2333 1880; x_wconf 87' lang='lat' dir='ltr'>contrarium</span> <span class='ocrx_word' id='word_1_165' title='bbox 2361 1832 2456 1879; x_wconf 88' lang='lat' dir='ltr'>est.</span> 
     </span>
     <span class='ocr_line' id='line_1_24' title="bbox 387 1916 2460 1988; baseline -0.002 -13"><span class='ocrx_word' id='word_1_166' title='bbox 387 1922 696 1975; x_wconf 88' lang='lat' dir='ltr'>Laudantur</span> <span class='ocrx_word' id='word_1_167' title='bbox 744 1922 796 1972; x_wconf 91' lang='lat' dir='ltr'>in</span> <span class='ocrx_word' id='word_1_168' title='bbox 845 1919 1011 1971; x_wconf 90' lang='lat' dir='ltr'>sacris</span> <span class='ocrx_word' id='word_1_169' title='bbox 1060 1918 1250 1970; x_wconf 88' lang='lat' dir='ltr'>litteris</span> <span class='ocrx_word' id='word_1_170' title='bbox 1298 1916 1498 1984; x_wconf 90' lang='lat' dir='ltr'>David,</span> <span class='ocrx_word' id='word_1_171' title='bbox 1553 1917 1847 1985; x_wconf 81' lang='lat' dir='ltr'>EzechiaS,</span> <span class='ocrx_word' id='word_1_172' title='bbox 1898 1918 2192 1988; x_wconf 88' lang='lat' dir='ltr'>Josaphat,</span> <span class='ocrx_word' id='word_1_173' title='bbox 2238 1917 2357 1971; x_wconf 90' lang='lat' dir='ltr'>Asa</span> <span class='ocrx_word' id='word_1_174' title='bbox 2405 1925 2460 1972; x_wconf 90' lang='lat' dir='ltr'>et</span> 
     </span>
     <span class='ocr_line' id='line_1_25' title="bbox 388 2011 2457 2080; baseline -0 -14"><span class='ocrx_word' id='word_1_175' title='bbox 388 2015 589 2079; x_wconf 84' lang='lat' dir='ltr'>Josias,</span> <span class='ocrx_word' id='word_1_176' title='bbox 644 2011 785 2080; x_wconf 92' lang='lat' dir='ltr'>quod</span> <span class='ocrx_word' id='word_1_177' title='bbox 835 2012 1027 2064; x_wconf 90' lang='lat' dir='ltr'>cultum</span> <span class='ocrx_word' id='word_1_178' title='bbox 1077 2023 1142 2063; x_wconf 87' lang='lat' dir='ltr'>ac</span> <span class='ocrx_word' id='word_1_179' title='bbox 1189 2011 1503 2078; x_wconf 81' lang='lat' dir='ltr'>religionem</span> <span class='ocrx_word' id='word_1_180' title='bbox 1543 2011 1642 2063; x_wconf 91' lang='lat' dir='ltr'>Dei</span> <span class='ocrx_word' id='word_1_181' title='bbox 1689 2011 1777 2063; x_wconf 92' lang='lat' dir='ltr'>vel</span> <span class='ocrx_word' id='word_1_182' title='bbox 1828 2013 2191 2080; x_wconf 87' lang='lat' dir='ltr'>promoverint</span> <span class='ocrx_word' id='word_1_183' title='bbox 2240 2013 2330 2065; x_wconf 92' lang='lat' dir='ltr'>vel</span> <span class='ocrx_word' id='word_1_184' title='bbox 2367 2029 2457 2065; x_wconf 90' lang='lat' dir='ltr'>re-</span> 
     </span>
     <span class='ocr_line' id='line_1_26' title="bbox 388 2104 2462 2172; baseline 0.001 -15"><span class='ocrx_word' id='word_1_185' title='bbox 388 2107 758 2159; x_wconf 89' lang='lat' dir='ltr'>stauraverint.</span> <span class='ocrx_word' id='word_1_186' title='bbox 833 2104 1031 2156; x_wconf 89' lang='lat' dir='ltr'>Eorum</span> <span class='ocrx_word' id='word_1_187' title='bbox 1085 2105 1384 2172; x_wconf 88' lang='lat' dir='ltr'>exemplum</span> <span class='ocrx_word' id='word_1_188' title='bbox 1431 2105 1483 2156; x_wconf 91' lang='lat' dir='ltr'>in</span> <span class='ocrx_word' id='word_1_189' title='bbox 1535 2120 1677 2158; x_wconf 88' lang='lat' dir='ltr'>novo</span> <span class='ocrx_word' id='word_1_190' title='bbox 1728 2105 2071 2159; x_wconf 86' lang='lat' dir='ltr'>Testamento</span> <span class='ocrx_word' id='word_1_191' title='bbox 2110 2107 2299 2159; x_wconf 89' lang='lat' dir='ltr'>imitati</span> <span class='ocrx_word' id='word_1_192' title='bbox 2337 2112 2462 2159; x_wconf 85' lang='lat' dir='ltr'>sunt</span> 
     </span>
     <span class='ocr_line' id='line_1_27' title="bbox 390 2197 2461 2265; baseline 0 -14"><span class='ocrx_word' id='word_1_193' title='bbox 390 2199 764 2251; x_wconf 87' lang='lat' dir='ltr'>Constantinus</span> <span class='ocrx_word' id='word_1_194' title='bbox 803 2200 889 2265; x_wconf 83' lang='lat' dir='ltr'>M,</span> <span class='ocrx_word' id='word_1_195' title='bbox 933 2198 1290 2262; x_wconf 81' lang='lat' dir='ltr'>TheodosiuS‚</span> <span class='ocrx_word' id='word_1_196' title='bbox 1331 2198 1624 2264; x_wconf 82' lang='lat' dir='ltr'>HonoriuS,</span> <span class='ocrx_word' id='word_1_197' title='bbox 1665 2197 1894 2251; x_wconf 89' lang='lat' dir='ltr'>Carolus</span> <span class='ocrx_word' id='word_1_198' title='bbox 1922 2199 2011 2264; x_wconf 90' lang='grc' dir='ltr'>Μ.,</span> <span class='ocrx_word' id='word_1_199' title='bbox 2049 2197 2362 2252; x_wconf 88' lang='lat' dir='ltr'>Ludovicus</span> <span class='ocrx_word' id='word_1_200' title='bbox 2406 2205 2461 2252; x_wconf 89' lang='lat' dir='ltr'>et</span> 
     </span>
     <span class='ocr_line' id='line_1_28' title="bbox 389 2281 2456 2361; baseline 0 -16"><span class='ocrx_word' id='word_1_201' title='bbox 389 2294 489 2345; x_wconf 90' lang='lat' dir='ltr'>alii.</span> <span class='ocrx_word' id='word_1_202' title='bbox 566 2291 766 2345; x_wconf 80' lang='lat' dir='ltr'>Contra</span> <span class='ocrx_word' id='word_1_203' title='bbox 803 2306 936 2343; x_wconf 90' lang='lat' dir='ltr'>vero</span> <span class='ocrx_word' id='word_1_204' title='bbox 974 2306 1079 2343; x_wconf 91' lang='lat' dir='ltr'>non</span> <span class='ocrx_word' id='word_1_205' title='bbox 1126 2292 1294 2344; x_wconf 91' lang='lat' dir='ltr'>solum</span> <span class='ocrx_word' id='word_1_206' title='bbox 1344 2291 1682 2359; x_wconf 86' lang='lat' dir='ltr'>reprehensi,</span> <span class='ocrx_word' id='word_1_207' title='bbox 1746 2291 1842 2344; x_wconf 91' lang='lat' dir='ltr'>sed</span> <span class='ocrx_word' id='word_1_208' title='bbox 1891 2293 2050 2344; x_wconf 91' lang='lat' dir='ltr'>etiam</span> <span class='ocrx_word' id='word_1_209' title='bbox 2098 2281 2268 2361; x_wconf 84' lang='lat' dir='ltr'>puniti</span> <span class='ocrx_word' id='word_1_210' title='bbox 2318 2292 2456 2360; x_wconf 76' lang='lat' dir='ltr'>sunt,</span> 
     </span>
     <span class='ocr_line' id='line_1_29' title="bbox 391 2383 2457 2453; baseline 0 -15"><span class='ocrx_word' id='word_1_211' title='bbox 391 2388 479 2453; x_wconf 94' lang='lat' dir='ltr'>qui</span> <span class='ocrx_word' id='word_1_212' title='bbox 529 2386 838 2453; x_wconf 82' lang='lat' dir='ltr'>religionem</span> <span class='ocrx_word' id='word_1_213' title='bbox 889 2391 942 2437; x_wconf 91' lang='lat' dir='ltr'>et</span> <span class='ocrx_word' id='word_1_214' title='bbox 1009 2383 1167 2435; x_wconf 92' lang='lat' dir='ltr'>fidem</span> <span class='ocrx_word' id='word_1_215' title='bbox 1222 2391 1686 2453; x_wconf 87' lang='lat' dir='ltr'>contempserunt,</span> <span class='ocrx_word' id='word_1_216' title='bbox 1749 2391 1806 2437; x_wconf 90' lang='lat' dir='ltr'>ut</span> <span class='ocrx_word' id='word_1_217' title='bbox 1863 2385 2185 2453; x_wconf 85' lang='lat' dir='ltr'>Jeroboam,</span> <span class='ocrx_word' id='word_1_218' title='bbox 2245 2383 2457 2453; x_wconf 85' lang='lat' dir='ltr'>Achab,</span> 
     </span>
     <span class='ocr_line' id='line_1_30' title="bbox 390 2476 2458 2547; baseline 0 -16"><span class='ocrx_word' id='word_1_219' title='bbox 390 2477 604 2545; x_wconf 89' lang='lat' dir='ltr'>Achaz,</span> <span class='ocrx_word' id='word_1_220' title='bbox 643 2476 834 2531; x_wconf 91' lang='lat' dir='ltr'>Amon.</span> <span class='ocrx_word' id='word_1_221' title='bbox 905 2476 974 2530; x_wconf 83' lang='lat' dir='ltr'>Et</span> <span class='ocrx_word' id='word_1_222' title='bbox 1011 2478 1147 2529; x_wconf 89' lang='lat' dir='ltr'>ratio</span> <span class='ocrx_word' id='word_1_223' title='bbox 1188 2484 1291 2545; x_wconf 93' lang='lat' dir='ltr'>est,</span> <span class='ocrx_word' id='word_1_224' title='bbox 1343 2479 1467 2545; x_wconf 91' lang='lat' dir='ltr'>quia</span> <span class='ocrx_word' id='word_1_225' title='bbox 1503 2493 1665 2545; x_wconf 89' lang='lat' dir='ltr'>reges</span> <span class='ocrx_word' id='word_1_226' title='bbox 1704 2479 1793 2545; x_wconf 93' lang='lat' dir='ltr'>qui</span> <span class='ocrx_word' id='word_1_227' title='bbox 1839 2480 1891 2530; x_wconf 91' lang='lat' dir='ltr'>in</span> <span class='ocrx_word' id='word_1_228' title='bbox 1931 2479 2137 2533; x_wconf 89' lang='lat' dir='ltr'>sublimi</span> <span class='ocrx_word' id='word_1_229' title='bbox 2189 2485 2458 2547; x_wconf 87' lang='lat' dir='ltr'>potestate</span> 
     </span>
     <span class='ocr_line' id='line_1_31' title="bbox 391 2570 2457 2640; baseline 0.001 -19"><span class='ocrx_word' id='word_1_230' title='bbox 391 2571 550 2638; x_wconf 87' lang='lat' dir='ltr'>positi</span> <span class='ocrx_word' id='word_1_231' title='bbox 581 2576 727 2637; x_wconf 86' lang='lat' dir='ltr'>sunt,</span> <span class='ocrx_word' id='word_1_232' title='bbox 775 2570 910 2622; x_wconf 88' lang='lat' dir='ltr'>sicut</span> <span class='ocrx_word' id='word_1_233' title='bbox 952 2570 1052 2637; x_wconf 92' lang='lat' dir='ltr'>ipsi</span> <span class='ocrx_word' id='word_1_234' title='bbox 1094 2573 1161 2623; x_wconf 88' lang='lat' dir='ltr'>ab</span> <span class='ocrx_word' id='word_1_235' title='bbox 1207 2571 1549 2625; x_wconf 90' lang='lat' dir='ltr'>inferioribus</span> <span class='ocrx_word' id='word_1_236' title='bbox 1587 2571 1714 2638; x_wconf 83' lang='lat' dir='ltr'>jure</span> <span class='ocrx_word' id='word_1_237' title='bbox 1753 2572 2110 2640; x_wconf 75' lang='lat' dir='ltr'>honorantur,</span> <span class='ocrx_word' id='word_1_238' title='bbox 2163 2574 2241 2625; x_wconf 87' lang='lat' dir='ltr'>sic</span> <span class='ocrx_word' id='word_1_239' title='bbox 2289 2573 2457 2624; x_wconf 89' lang='lat' dir='ltr'>Deum</span> 
     </span>
     <span class='ocr_line' id='line_1_32' title="bbox 393 2662 2459 2735; baseline 0.002 -22"><span class='ocrx_word' id='word_1_240' title='bbox 393 2664 590 2731; x_wconf 90' lang='lat' dir='ltr'>ipsum,</span> <span class='ocrx_word' id='word_1_241' title='bbox 642 2680 673 2714; x_wconf 92' lang='lat' dir='ltr'>a</span> <span class='ocrx_word' id='word_1_242' title='bbox 712 2679 814 2731; x_wconf 92' lang='lat' dir='ltr'>quo</span> <span class='ocrx_word' id='word_1_243' title='bbox 853 2670 1171 2730; x_wconf 86' lang='lat' dir='ltr'>potestatem</span> <span class='ocrx_word' id='word_1_244' title='bbox 1225 2665 1539 2731; x_wconf 87' lang='lat' dir='ltr'>consequuti</span> <span class='ocrx_word' id='word_1_245' title='bbox 1577 2671 1724 2730; x_wconf 90' lang='lat' dir='ltr'>sunt,</span> <span class='ocrx_word' id='word_1_246' title='bbox 1782 2672 1837 2718; x_wconf 94' lang='lat' dir='ltr'>et</span> <span class='ocrx_word' id='word_1_247' title='bbox 1883 2666 1967 2718; x_wconf 92' lang='lat' dir='ltr'>cui</span> <span class='ocrx_word' id='word_1_248' title='bbox 2012 2665 2140 2735; x_wconf 85' lang='lat' dir='ltr'>jure</span> <span class='ocrx_word' id='word_1_249' title='bbox 2185 2671 2409 2718; x_wconf 91' lang='lat' dir='ltr'>naturae</span> <span class='ocrx_word' id='word_1_250' title='bbox 2437 2662 2459 2695; x_wconf 81' lang='lat'><strong>³</strong></span> 
     </span>
    </p>
   </div>
   <div class='ocr_carea' id='block_1_8' title="bbox 398 2849 2463 4003">
    <p class='ocr_par' dir='ltr' id='par_1_8' title="bbox 398 2849 2462 3202">
     <span class='ocr_line' id='line_1_33' title="bbox 515 2849 2459 2911; baseline -0.001 -15"><span class='ocrx_word' id='word_1_251' title='bbox 515 2854 529 2879; x_wconf 86' lang='lat'><strong>¹</strong></span> <span class='ocrx_word' id='word_1_252' title='bbox 562 2849 630 2897; x_wconf 81' lang='lat' dir='ltr'>Cf.</span> <span class='ocrx_word' id='word_1_253' title='bbox 663 2852 847 2896; x_wconf 87' lang='lat' dir='ltr'>Suares.</span> <span class='ocrx_word' id='word_1_254' title='bbox 882 2853 936 2896; x_wconf 91' lang='lat' dir='ltr'>de</span> <span class='ocrx_word' id='word_1_255' title='bbox 970 2853 1108 2911; x_wconf 83' lang='lat' dir='ltr'>legib.</span> <span class='ocrx_word' id='word_1_256' title='bbox 1142 2853 1171 2896; x_wconf 92' lang='lat' dir='ltr'>l.</span> <span class='ocrx_word' id='word_1_257' title='bbox 1204 2854 1272 2897; x_wconf 87' lang='lat'>111.</span> <span class='ocrx_word' id='word_1_258' title='bbox 1305 2866 1340 2897; x_wconf 85' lang='lat' dir='ltr'>c.</span> <span class='ocrx_word' id='word_1_259' title='bbox 1373 2855 1441 2895; x_wconf 89' lang='lat'>11.</span> <span class='ocrx_word' id='word_1_260' title='bbox 1471 2866 1514 2896; x_wconf 91' lang='lat' dir='ltr'>n.</span> <span class='ocrx_word' id='word_1_261' title='bbox 1546 2854 1614 2896; x_wconf 87' lang='lat'>11.</span> <span class='ocrx_word' id='word_1_262' title='bbox 1649 2866 1687 2897; x_wconf 90' lang='lat' dir='ltr'>c.</span> <span class='ocrx_word' id='word_1_263' title='bbox 1723 2856 1792 2897; x_wconf 81' lang='lat'>12.</span> <span class='ocrx_word' id='word_1_264' title='bbox 1824 2867 1866 2897; x_wconf 87' lang='lat' dir='ltr'>n.</span> <span class='ocrx_word' id='word_1_265' title='bbox 1897 2855 1936 2896; x_wconf 87' lang='lat'>5.</span> <span class='ocrx_word' id='word_1_266' title='bbox 1969 2854 2010 2896; x_wconf 84' lang='lat'>9.</span> <span class='ocrx_word' id='word_1_267' title='bbox 2060 2853 2229 2898; x_wconf 85' lang='lat' dir='ltr'>Becan.</span> <span class='ocrx_word' id='word_1_268' title='bbox 2262 2853 2357 2896; x_wconf 89' lang='lat' dir='ltr'>vol.</span> <span class='ocrx_word' id='word_1_269' title='bbox 2389 2852 2459 2898; x_wconf 84' lang='lat'>111.</span> 
     </span>
     <span class='ocr_line' id='line_1_34' title="bbox 398 2922 2461 2989; baseline 0.002 -24"><span class='ocrx_word' id='word_1_270' title='bbox 398 2922 534 2966; x_wconf 89' lang='lat' dir='ltr'>duell.</span> <span class='ocrx_word' id='word_1_271' title='bbox 566 2923 622 2966; x_wconf 88' lang='lat' dir='ltr'>de</span> <span class='ocrx_word' id='word_1_272' title='bbox 651 2923 851 2979; x_wconf 89' lang='lat' dir='ltr'>primatu</span> <span class='ocrx_word' id='word_1_273' title='bbox 880 2925 1014 2982; x_wconf 89' lang='lat' dir='ltr'>regio</span> <span class='ocrx_word' id='word_1_274' title='bbox 1047 2938 1204 2981; x_wconf 88' lang='lat' dir='ltr'>opusc.</span> <span class='ocrx_word' id='word_1_275' title='bbox 1230 2924 1303 2968; x_wconf 92' lang='lat' dir='ltr'>Vl.</span> <span class='ocrx_word' id='word_1_276' title='bbox 1335 2927 1366 2968; x_wconf 90' lang='lat' dir='ltr'>l.</span> <span class='ocrx_word' id='word_1_277' title='bbox 1397 2927 1438 2969; x_wconf 90' lang='lat'>3.</span> <span class='ocrx_word' id='word_1_278' title='bbox 1470 2938 1507 2969; x_wconf 91' lang='lat' dir='ltr'>c.</span> <span class='ocrx_word' id='word_1_279' title='bbox 1533 2927 1574 2969; x_wconf 87' lang='grc'>8.</span> <span class='ocrx_word' id='word_1_280' title='bbox 1609 2926 1664 2970; x_wconf 90' lang='lat' dir='ltr'>de</span> <span class='ocrx_word' id='word_1_281' title='bbox 1694 2923 1783 2970; x_wconf 89' lang='lat' dir='ltr'>fide</span> <span class='ocrx_word' id='word_1_282' title='bbox 1809 2925 2059 2970; x_wconf 81' lang='lat' dir='ltr'>haereticis</span> <span class='ocrx_word' id='word_1_283' title='bbox 2084 2926 2331 2970; x_wconf 87' lang='lat' dir='ltr'>servanda.</span> <span class='ocrx_word' id='word_1_284' title='bbox 2350 2925 2461 2989; x_wconf 75' lang='lat' dir='ltr'>=Lll.</span> 
     </span>
     <span class='ocr_line' id='line_1_35' title="bbox 399 2994 2462 3056; baseline 0.002 -19"><span class='ocrx_word' id='word_1_285' title='bbox 399 3008 435 3037; x_wconf 90' lang='lat' dir='ltr'>c.</span> <span class='ocrx_word' id='word_1_286' title='bbox 464 2996 529 3037; x_wconf 87' lang='lat'>10.</span> <span class='ocrx_word' id='word_1_287' title='bbox 562 2994 799 3052; x_wconf 84' lang='lat' dir='ltr'>Zallinger</span> <span class='ocrx_word' id='word_1_288' title='bbox 830 2996 968 3040; x_wconf 86' lang='lat' dir='ltr'>instit.</span> <span class='ocrx_word' id='word_1_289' title='bbox 993 2997 1088 3055; x_wconf 86' lang='lat' dir='ltr'>jur.</span> <span class='ocrx_word' id='word_1_290' title='bbox 1122 3000 1215 3041; x_wconf 88' lang='lat' dir='ltr'>nat.</span> <span class='ocrx_word' id='word_1_291' title='bbox 1248 2997 1414 3041; x_wconf 87' lang='lat' dir='ltr'>eccles&#39;.</span> <span class='ocrx_word' id='word_1_292' title='bbox 1445 2997 1551 3054; x_wconf 92' lang='lat' dir='ltr'>pub.</span> <span class='ocrx_word' id='word_1_293' title='bbox 1586 2998 1615 3040; x_wconf 95' lang='lat' dir='ltr'>l.</span> <span class='ocrx_word' id='word_1_294' title='bbox 1650 2998 1721 3041; x_wconf 90' lang='grc' dir='ltr'>ΙΙΙ.</span> <span class='ocrx_word' id='word_1_295' title='bbox 1755 3011 1792 3041; x_wconf 90' lang='lat' dir='ltr'>c.</span> <span class='ocrx_word' id='word_1_296' title='bbox 1826 3000 1866 3041; x_wconf 87' lang='lat'>6.</span> <span class='ocrx_word' id='word_1_297' title='bbox 1900 3004 1947 3043; x_wconf 83' lang='lat' dir='ltr'>et</span> <span class='ocrx_word' id='word_1_298' title='bbox 1978 2999 2032 3044; x_wconf 89' lang='lat' dir='ltr'>de</span> <span class='ocrx_word' id='word_1_299' title='bbox 2063 2999 2196 3044; x_wconf 88' lang='lat' dir='ltr'>unica</span> <span class='ocrx_word' id='word_1_300' title='bbox 2227 2999 2462 3056; x_wconf 88' lang='lat' dir='ltr'>religione</span> 
     </span>
     <span class='ocr_line' id='line_1_36' title="bbox 400 3066 2459 3129; baseline 0.002 -19"><span class='ocrx_word' id='word_1_301' title='bbox 400 3068 516 3111; x_wconf 90' lang='lat' dir='ltr'>stud.</span> <span class='ocrx_word' id='word_1_302' title='bbox 549 3068 666 3111; x_wconf 87' lang='lat' dir='ltr'>cath.</span> <span class='ocrx_word' id='word_1_303' title='bbox 698 3066 888 3125; x_wconf 87' lang='lat' dir='ltr'>princip.</span> <span class='ocrx_word' id='word_1_304' title='bbox 920 3069 966 3112; x_wconf 89' lang='lat' dir='ltr'>in</span> <span class='ocrx_word' id='word_1_305' title='bbox 998 3069 1157 3126; x_wconf 80' lang='lat' dir='ltr'>repub.</span> <span class='ocrx_word' id='word_1_306' title='bbox 1191 3082 1402 3114; x_wconf 87' lang='lat' dir='ltr'>conserv.</span> <span class='ocrx_word' id='word_1_307' title='bbox 1434 3069 1465 3113; x_wconf 87' lang='lat' dir='ltr'>l.</span> <span class='ocrx_word' id='word_1_308' title='bbox 1498 3083 1614 3113; x_wconf 91' lang='lat' dir='ltr'>unus</span> <span class='ocrx_word' id='word_1_309' title='bbox 1646 3075 1764 3115; x_wconf 89' lang='lat' dir='ltr'>auct.</span> <span class='ocrx_word' id='word_1_310' title='bbox 1787 3071 1895 3115; x_wconf 87' lang='lat' dir='ltr'>Joh.</span> <span class='ocrx_word' id='word_1_311' title='bbox 1922 3072 2135 3116; x_wconf 86' lang='lat' dir='ltr'>Lennaeo</span> <span class='ocrx_word' id='word_1_312' title='bbox 2160 3085 2232 3129; x_wconf 85' lang='lat' dir='ltr'>ap.</span> <span class='ocrx_word' id='word_1_313' title='bbox 2263 3072 2459 3115; x_wconf 87' lang='lat' dir='ltr'>Zachar.</span> 
     </span>
     <span class='ocr_line' id='line_1_37' title="bbox 399 3140 2400 3202; baseline 0.002 -19"><span class='ocrx_word' id='word_1_314' title='bbox 399 3141 516 3183; x_wconf 88' lang='lat' dir='ltr'>thes.</span> <span class='ocrx_word' id='word_1_315' title='bbox 545 3144 578 3183; x_wconf 90' lang='lat' dir='ltr'>t.</span> <span class='ocrx_word' id='word_1_316' title='bbox 609 3140 681 3182; x_wconf 87' lang='lat' dir='ltr'>vl.</span> <span class='ocrx_word' id='word_1_317' title='bbox 714 3153 868 3197; x_wconf 86' lang='lat' dir='ltr'>opusc.</span> <span class='ocrx_word' id='word_1_318' title='bbox 899 3142 938 3183; x_wconf 89' lang='grc'>6.</span> <span class='ocrx_word' id='word_1_319' title='bbox 970 3141 1209 3198; x_wconf 88' lang='lat' dir='ltr'>Taparelli</span> <span class='ocrx_word' id='word_1_320' title='bbox 1238 3154 1336 3199; x_wconf 88' lang='lat' dir='ltr'>sag.</span> <span class='ocrx_word' id='word_1_321' title='bbox 1369 3145 1488 3186; x_wconf 87' lang='lat' dir='ltr'>teor.</span> <span class='ocrx_word' id='word_1_322' title='bbox 1521 3142 1568 3185; x_wconf 91' lang='lat' dir='ltr'>di</span> <span class='ocrx_word' id='word_1_323' title='bbox 1598 3142 1741 3187; x_wconf 87' lang='lat' dir='ltr'>dritto</span> <span class='ocrx_word' id='word_1_324' title='bbox 1773 3147 1866 3188; x_wconf 85' lang='lat' dir='ltr'>nat.</span> <span class='ocrx_word' id='word_1_325' title='bbox 1900 3144 1995 3189; x_wconf 90' lang='lat' dir='ltr'>vol.</span> <span class='ocrx_word' id='word_1_326' title='bbox 2026 3144 2056 3188; x_wconf 90' lang='lat'>1.</span> <span class='ocrx_word' id='word_1_327' title='bbox 2089 3158 2161 3189; x_wconf 88' lang='lat' dir='ltr'>nn.</span> <span class='ocrx_word' id='word_1_328' title='bbox 2194 3145 2279 3188; x_wconf 85' lang='lat'>869</span> <span class='ocrx_word' id='word_1_329' title='bbox 2303 3158 2400 3202; x_wconf 89' lang='lat' dir='ltr'>sqq.</span> 
     </span>
    </p>

    <p class='ocr_par' dir='ltr' id='par_1_9' title="bbox 519 3210 1880 3272">
     <span class='ocr_line' id='line_1_38' title="bbox 519 3210 1880 3272; baseline 0.003 -18"><span class='ocrx_word' id='word_1_330' title='bbox 519 3212 535 3239; x_wconf 89' lang='lat'><strong>²</strong></span> <span class='ocrx_word' id='word_1_331' title='bbox 566 3212 711 3255; x_wconf 89' lang='lat' dir='ltr'>Duell.</span> <span class='ocrx_word' id='word_1_332' title='bbox 744 3213 800 3255; x_wconf 89' lang='lat' dir='ltr'>de</span> <span class='ocrx_word' id='word_1_333' title='bbox 831 3214 1030 3269; x_wconf 84' lang='lat' dir='ltr'>primatu</span> <span class='ocrx_word' id='word_1_334' title='bbox 1059 3214 1192 3272; x_wconf 88' lang='lat' dir='ltr'>regio</span> <span class='ocrx_word' id='word_1_335' title='bbox 1224 3215 1252 3258; x_wconf 93' lang='lat' dir='ltr'>l.</span> <span class='ocrx_word' id='word_1_336' title='bbox 1284 3215 1351 3258; x_wconf 89' lang='lat' dir='ltr'>lll.</span> <span class='ocrx_word' id='word_1_337' title='bbox 1383 3228 1419 3258; x_wconf 90' lang='lat' dir='ltr'>c.</span> <span class='ocrx_word' id='word_1_338' title='bbox 1448 3215 1488 3258; x_wconf 85' lang='lat'>8.</span> <span class='ocrx_word' id='word_1_339' title='bbox 1521 3215 1616 3259; x_wconf 85' lang='lat' dir='ltr'>vol.</span> <span class='ocrx_word' id='word_1_340' title='bbox 1647 3215 1718 3260; x_wconf 89' lang='lat'><strong>111.</strong></span> <span class='ocrx_word' id='word_1_341' title='bbox 1875 3210 1880 3214; x_wconf 49' lang='lat'>⁸</span> 
     </span>
    </p>

    <p class='ocr_par' dir='ltr' id='par_1_10' title="bbox 401 3284 2463 4003">
     <span class='ocr_line' id='line_1_39' title="bbox 519 3284 2460 3349; baseline 0.005 -22"><span class='ocrx_word' id='word_1_342' title='bbox 519 3284 536 3313; x_wconf 79' lang='grc'><strong>3</strong></span> <span class='ocrx_word' id='word_1_343' title='bbox 565 3285 648 3328; x_wconf 90' lang='lat' dir='ltr'>Est</span> <span class='ocrx_word' id='word_1_344' title='bbox 677 3298 793 3342; x_wconf 88' lang='lat' dir='ltr'>ergo</span> <span class='ocrx_word' id='word_1_345' title='bbox 827 3299 883 3329; x_wconf 94' lang='lat' dir='ltr'>ex</span> <span class='ocrx_word' id='word_1_346' title='bbox 914 3287 1163 3343; x_wconf 89' lang='lat' dir='ltr'>hypothesi</span> <span class='ocrx_word' id='word_1_347' title='bbox 1193 3293 1408 3345; x_wconf 89' lang='lat' dir='ltr'>receptae</span> <span class='ocrx_word' id='word_1_348' title='bbox 1440 3288 1623 3332; x_wconf 87' lang='lat' dir='ltr'>divinae</span> <span class='ocrx_word' id='word_1_349' title='bbox 1662 3289 1967 3335; x_wconf 87' lang='lat' dir='ltr'>revelationis</span> <span class='ocrx_word' id='word_1_350' title='bbox 2001 3288 2206 3336; x_wconf 90' lang='lat' dir='ltr'>officium</span> <span class='ocrx_word' id='word_1_351' title='bbox 2236 3291 2460 3349; x_wconf 82' lang='lat' dir='ltr'>principis</span> 
     </span>
     <span class='ocr_line' id='line_1_40' title="bbox 402 3350 2461 3421; baseline 0.004 -21"><span class='ocrx_word' id='word_1_352' title='bbox 402 3357 635 3412; x_wconf 88' lang='lat' dir='ltr'>naturale,</span> <span class='ocrx_word' id='word_1_353' title='bbox 667 3361 809 3401; x_wconf 88' lang='lat' dir='ltr'>semet</span> <span class='ocrx_word' id='word_1_354' title='bbox 839 3359 934 3403; x_wconf 93' lang='lat' dir='ltr'>Deo</span> <span class='ocrx_word' id='word_1_355' title='bbox 966 3359 1195 3405; x_wconf 90' lang='lat' dir='ltr'>revelanti</span> <span class='ocrx_word' id='word_1_356' title='bbox 1234 3362 1474 3406; x_wconf 89' lang='lat' dir='ltr'>subiicere.</span> <span class='ocrx_word' id='word_1_357' title='bbox 1535 3363 1665 3408; x_wconf 90' lang='lat' dir='ltr'>Unde</span> <span class='ocrx_word' id='word_1_358' title='bbox 1705 3350 1963 3421; x_wconf 84' lang='lat' dir='ltr'>generatim</span> <span class='ocrx_word' id='word_1_359' title='bbox 2003 3363 2461 3409; x_wconf 85' lang='lat' dir='ltr'>animadvertendum</span> 
     </span>
     <span class='ocr_line' id='line_1_41' title="bbox 402 3429 2463 3492; baseline 0.005 -21"><span class='ocrx_word' id='word_1_360' title='bbox 402 3433 474 3472; x_wconf 90' lang='lat' dir='ltr'>est</span> <span class='ocrx_word' id='word_1_361' title='bbox 505 3434 668 3473; x_wconf 84' lang='lat' dir='ltr'>contra</span> <span class='ocrx_word' id='word_1_362' title='bbox 699 3441 780 3473; x_wconf 88' lang='lat' dir='ltr'>eos</span> <span class='ocrx_word' id='word_1_363' title='bbox 813 3429 890 3486; x_wconf 91' lang='lat' dir='ltr'>qui</span> <span class='ocrx_word' id='word_1_364' title='bbox 921 3431 1057 3475; x_wconf 90' lang='lat' dir='ltr'>aliter</span> <span class='ocrx_word' id='word_1_365' title='bbox 1090 3434 1273 3490; x_wconf 89' lang='lat' dir='ltr'>opinari</span> <span class='ocrx_word' id='word_1_366' title='bbox 1302 3434 1515 3479; x_wconf 86' lang='lat' dir='ltr'>videntur</span> <span class='ocrx_word' id='word_1_367' title='bbox 1555 3439 1608 3492; x_wconf 88' lang='lat' dir='ltr'>a)</span> <span class='ocrx_word' id='word_1_368' title='bbox 1640 3439 1921 3492; x_wconf 87' lang='lat' dir='ltr'>potestatem</span> <span class='ocrx_word' id='word_1_369' title='bbox 1950 3436 2133 3482; x_wconf 90' lang='lat' dir='ltr'>civilem</span> <span class='ocrx_word' id='word_1_370' title='bbox 2177 3438 2387 3482; x_wconf 88' lang='lat' dir='ltr'>residere</span> <span class='ocrx_word' id='word_1_371' title='bbox 2417 3437 2463 3481; x_wconf 90' lang='lat' dir='ltr'>in</span> 
     </span>
     <span class='ocr_line' id='line_1_42' title="bbox 402 3501 2462 3568; baseline 0.005 -24"><span class='ocrx_word' id='word_1_372' title='bbox 402 3501 657 3545; x_wconf 90' lang='lat' dir='ltr'>hominibus</span> <span class='ocrx_word' id='word_1_373' title='bbox 696 3501 833 3546; x_wconf 88' lang='lat' dir='ltr'>aliter</span> <span class='ocrx_word' id='word_1_374' title='bbox 877 3502 986 3546; x_wconf 90' lang='lat' dir='ltr'>licet</span> <span class='ocrx_word' id='word_1_375' title='bbox 1026 3509 1073 3548; x_wconf 92' lang='lat' dir='ltr'>et</span> <span class='ocrx_word' id='word_1_376' title='bbox 1103 3506 1241 3550; x_wconf 89' lang='lat' dir='ltr'>aliter</span> <span class='ocrx_word' id='word_1_377' title='bbox 1286 3519 1374 3564; x_wconf 88' lang='lat' dir='ltr'>pro</span> <span class='ocrx_word' id='word_1_378' title='bbox 1406 3508 1679 3553; x_wconf 85' lang='lat' dir='ltr'>diversitate</span> <span class='ocrx_word' id='word_1_379' title='bbox 1711 3506 1890 3554; x_wconf 87' lang='lat' dir='ltr'>formae</span> <span class='ocrx_word' id='word_1_380' title='bbox 1935 3510 2199 3568; x_wconf 88' lang='lat' dir='ltr'>regiminis:</span> <span class='ocrx_word' id='word_1_381' title='bbox 2249 3510 2317 3555; x_wconf 87' lang='lat' dir='ltr'>ita</span> <span class='ocrx_word' id='word_1_382' title='bbox 2345 3523 2462 3555; x_wconf 86' lang='lat' dir='ltr'>vero</span> 
     </span>
     <span class='ocr_line' id='line_1_43' title="bbox 401 3570 2462 3640; baseline 0.005 -24"><span class='ocrx_word' id='word_1_383' title='bbox 401 3573 456 3629; x_wconf 86' lang='lat' dir='ltr'>b)</span> <span class='ocrx_word' id='word_1_384' title='bbox 489 3570 613 3628; x_wconf 86' lang='lat' dir='ltr'>fieri,</span> <span class='ocrx_word' id='word_1_385' title='bbox 647 3576 696 3617; x_wconf 93' lang='lat' dir='ltr'>ut</span> <span class='ocrx_word' id='word_1_386' title='bbox 724 3573 809 3617; x_wconf 89' lang='lat' dir='ltr'>illa</span> <span class='ocrx_word' id='word_1_387' title='bbox 839 3575 1172 3620; x_wconf 84' lang='lat' dir='ltr'>consideranda</span> <span class='ocrx_word' id='word_1_388' title='bbox 1202 3592 1292 3623; x_wconf 91' lang='lat' dir='ltr'>non</span> <span class='ocrx_word' id='word_1_389' title='bbox 1324 3580 1385 3623; x_wconf 89' lang='lat' dir='ltr'>sit</span> <span class='ocrx_word' id='word_1_390' title='bbox 1415 3581 1462 3624; x_wconf 91' lang='lat' dir='ltr'>in</span> <span class='ocrx_word' id='word_1_391' title='bbox 1494 3581 1734 3626; x_wconf 86' lang='lat' dir='ltr'>abstracto</span> <span class='ocrx_word' id='word_1_392' title='bbox 1767 3587 1816 3627; x_wconf 88' lang='lat' dir='ltr'>ut</span> <span class='ocrx_word' id='word_1_393' title='bbox 1845 3583 1995 3640; x_wconf 90' lang='lat' dir='ltr'>aiunt,</span> <span class='ocrx_word' id='word_1_394' title='bbox 2026 3583 2179 3627; x_wconf 88' lang='lat' dir='ltr'>sedin</span> <span class='ocrx_word' id='word_1_395' title='bbox 2223 3586 2462 3637; x_wconf 87' lang='lat' dir='ltr'>concreto,</span> 
     </span>
     <span class='ocr_line' id='line_1_44' title="bbox 402 3646 2463 3712; baseline 0.004 -24"><span class='ocrx_word' id='word_1_396' title='bbox 402 3646 772 3701; x_wconf 88' lang='lat' dir='ltr'>quemadmodum</span> <span class='ocrx_word' id='word_1_397' title='bbox 825 3647 952 3704; x_wconf 92' lang='lat' dir='ltr'>loqui</span> <span class='ocrx_word' id='word_1_398' title='bbox 1006 3662 1104 3691; x_wconf 92' lang='lat' dir='ltr'>mos</span> <span class='ocrx_word' id='word_1_399' title='bbox 1161 3654 1265 3707; x_wconf 85' lang='lat' dir='ltr'>est,</span> <span class='ocrx_word' id='word_1_400' title='bbox 1337 3656 1562 3709; x_wconf 87' lang='lat' dir='ltr'>quatenus</span> <span class='ocrx_word' id='word_1_401' title='bbox 1615 3655 1887 3712; x_wconf 87' lang='lat' dir='ltr'>regentibus</span> <span class='ocrx_word' id='word_1_402' title='bbox 1940 3655 2089 3711; x_wconf 85' lang='lat' dir='ltr'>inest,</span> <span class='ocrx_word' id='word_1_403' title='bbox 2152 3654 2200 3698; x_wconf 90' lang='lat' dir='ltr'>in</span> <span class='ocrx_word' id='word_1_404' title='bbox 2253 3653 2463 3698; x_wconf 89' lang='lat' dir='ltr'>subiecto</span> 
     </span>
     <span class='ocr_line' id='line_1_45' title="bbox 402 3717 2463 3784; baseline 0.005 -24"><span class='ocrx_word' id='word_1_405' title='bbox 402 3717 607 3762; x_wconf 88' lang='lat' dir='ltr'>nimirum</span> <span class='ocrx_word' id='word_1_406' title='bbox 646 3719 970 3778; x_wconf 89' lang='lat' dir='ltr'>individuoque</span> <span class='ocrx_word' id='word_1_407' title='bbox 1010 3721 1092 3766; x_wconf 88' lang='lat' dir='ltr'>illa</span> <span class='ocrx_word' id='word_1_408' title='bbox 1131 3727 1318 3768; x_wconf 86' lang='lat' dir='ltr'>ornato:</span> <span class='ocrx_word' id='word_1_409' title='bbox 1368 3726 1473 3770; x_wconf 88' lang='lat' dir='ltr'>hinc</span> <span class='ocrx_word' id='word_1_410' title='bbox 1513 3729 1562 3783; x_wconf 87' lang='lat' dir='ltr'>c)</span> <span class='ocrx_word' id='word_1_411' title='bbox 1594 3727 1716 3784; x_wconf 90' lang='lat' dir='ltr'>quod</span> <span class='ocrx_word' id='word_1_412' title='bbox 1758 3727 1814 3772; x_wconf 90' lang='lat' dir='ltr'>de</span> <span class='ocrx_word' id='word_1_413' title='bbox 1856 3727 1962 3771; x_wconf 88' lang='lat' dir='ltr'>aliis</span> <span class='ocrx_word' id='word_1_414' title='bbox 2010 3726 2268 3771; x_wconf 91' lang='lat' dir='ltr'>hominibus</span> <span class='ocrx_word' id='word_1_415' title='bbox 2309 3729 2403 3770; x_wconf 84' lang='lat' dir='ltr'>tam</span> <span class='ocrx_word' id='word_1_416' title='bbox 2435 3739 2463 3770; x_wconf 85' lang='lat' dir='ltr'>a</span> 
     </span>
     <span class='ocr_line' id='line_1_46' title="bbox 401 3789 2463 3856; baseline 0.004 -24"><span class='ocrx_word' id='word_1_417' title='bbox 401 3789 689 3847; x_wconf 89' lang='lat' dir='ltr'>philosophis</span> <span class='ocrx_word' id='word_1_418' title='bbox 731 3805 864 3848; x_wconf 81' lang='lat' dir='ltr'>quam</span> <span class='ocrx_word' id='word_1_419' title='bbox 904 3806 933 3835; x_wconf 89' lang='lat' dir='ltr'>a</span> <span class='ocrx_word' id='word_1_420' title='bbox 963 3794 1199 3852; x_wconf 87' lang='lat' dir='ltr'>theologis</span> <span class='ocrx_word' id='word_1_421' title='bbox 1232 3795 1442 3854; x_wconf 87' lang='lat' dir='ltr'>effertur,</span> <span class='ocrx_word' id='word_1_422' title='bbox 1484 3799 1531 3842; x_wconf 92' lang='lat' dir='ltr'>id</span> <span class='ocrx_word' id='word_1_423' title='bbox 1569 3801 1625 3844; x_wconf 93' lang='lat' dir='ltr'>de</span> <span class='ocrx_word' id='word_1_424' title='bbox 1655 3804 1890 3856; x_wconf 84' lang='lat' dir='ltr'>potestate</span> <span class='ocrx_word' id='word_1_425' title='bbox 1931 3798 2216 3856; x_wconf 85' lang='lat' dir='ltr'>pollentibus</span> <span class='ocrx_word' id='word_1_426' title='bbox 2249 3797 2463 3842; x_wconf 88' lang='lat' dir='ltr'>similiter</span> 
     </span>
     <span class='ocr_line' id='line_1_47' title="bbox 402 3860 2463 3930; baseline 0.005 -28"><span class='ocrx_word' id='word_1_427' title='bbox 402 3860 583 3917; x_wconf 86' lang='lat' dir='ltr'>valere,</span> <span class='ocrx_word' id='word_1_428' title='bbox 614 3863 829 3908; x_wconf 88' lang='lat' dir='ltr'>videlicet</span> <span class='ocrx_word' id='word_1_429' title='bbox 859 3878 950 3909; x_wconf 91' lang='lat' dir='ltr'>non</span> <span class='ocrx_word' id='word_1_430' title='bbox 981 3865 1082 3909; x_wconf 89' lang='lat' dir='ltr'>dari</span> <span class='ocrx_word' id='word_1_431' title='bbox 1110 3867 1156 3910; x_wconf 92' lang='lat' dir='ltr'>in</span> <span class='ocrx_word' id='word_1_432' title='bbox 1187 3867 1281 3911; x_wconf 91' lang='lat' dir='ltr'>illis</span> <span class='ocrx_word' id='word_1_433' title='bbox 1312 3874 1443 3914; x_wconf 90' lang='lat' dir='ltr'>actus</span> <span class='ocrx_word' id='word_1_434' title='bbox 1474 3886 1591 3930; x_wconf 91' lang='lat' dir='ltr'>quos</span> <span class='ocrx_word' id='word_1_435' title='bbox 1621 3870 1937 3916; x_wconf 87' lang='lat' dir='ltr'>indifferentes</span> <span class='ocrx_word' id='word_1_436' title='bbox 1961 3870 2229 3928; x_wconf 81' lang='lat' dir='ltr'>appellant3</span> <span class='ocrx_word' id='word_1_437' title='bbox 2260 3869 2343 3914; x_wconf 91' lang='lat' dir='ltr'>sed</span> <span class='ocrx_word' id='word_1_438' title='bbox 2373 3872 2463 3914; x_wconf 89' lang='lat' dir='ltr'>hoc</span> 
     </span>
     <span class='ocr_line' id='line_1_48' title="bbox 403 3933 2463 4003; baseline 0.004 -28"><span class='ocrx_word' id='word_1_439' title='bbox 403 3933 556 3987; x_wconf 87' lang='lat' dir='ltr'>posito</span> <span class='ocrx_word' id='word_1_440' title='bbox 591 3935 645 3992; x_wconf 84' lang='lat' dir='ltr'>d)</span> <span class='ocrx_word' id='word_1_441' title='bbox 678 3937 753 3979; x_wconf 86' lang='lat' dir='ltr'>vix</span> <span class='ocrx_word' id='word_1_442' title='bbox 785 3937 874 3981; x_wconf 90' lang='lat' dir='ltr'>erit</span> <span class='ocrx_word' id='word_1_443' title='bbox 905 3939 980 3995; x_wconf 91' lang='lat' dir='ltr'>qui</span> <span class='ocrx_word' id='word_1_444' title='bbox 1012 3941 1320 3999; x_wconf 89' lang='lat' dir='ltr'>contenderit,</span> <span class='ocrx_word' id='word_1_445' title='bbox 1353 3944 1495 3989; x_wconf 89' lang='lat' dir='ltr'>licere</span> <span class='ocrx_word' id='word_1_446' title='bbox 1519 3945 1749 4003; x_wconf 84' lang='lat' dir='ltr'>superiori</span> <span class='ocrx_word' id='word_1_447' title='bbox 1772 3943 1998 4001; x_wconf 86' lang='lat' dir='ltr'>potestati</span> <span class='ocrx_word' id='word_1_448' title='bbox 2020 3942 2302 3987; x_wconf 87' lang='lat' dir='ltr'>christianae</span> <span class='ocrx_word' id='word_1_449' title='bbox 2328 3941 2463 3998; x_wconf 90' lang='lat' dir='ltr'>eique</span> 
     </span>
    </p>
   </div>
  </div>
 </body>
</html>
