2716 4446
225 698 272 730 '171
277 698 441 730 οπιαεείπ.

162 1260 391 1292 Auctoritatis
428 1260 502 1298 pri-

186 1306 349 1343 vilcyiam
378 1303 477 1342 apud

186 1349 360 1386 episcopos
385 1356 481 1377 o‘m‘ne

190 1401 212 1422 a
224 1391 303 1422 sede,
316 1400 472 1422 romana.

239 3337 382 3378 ἅτερον.
402 3337 449 3371 Μ.

1374 166 1722 225 -400-

512 315 679 366 ticum
719 311 929 379 extulit,
969 311 1046 364 ita
1083 309 1480 380 antiquioribus
1523 309 1756 363 saeculis
1793 312 2190 382 patriarchatus
2217 321 2271 367 et
2295 315 2584 385 primatiae

514 407 779 473 instituit,
853 412 1107 476 certoque
1160 403 1347 456 ordine
1387 402 1561 457 edixit
1596 406 1629 472 ¹)
1679 412 1740 460 ut
1800 405 2048 476 pluribus
2113 408 2384 479 episcopis
2446 428 2586 463 unus
2617 410 2632 476 f

514 500 930 571 praeficeretur,
995 501 1058 552 et
1081 530 1083 532 ·
1109 499 1203 551 uni
1265 497 1449 568 plures
1514 498 1831 570 subessent;
1895 502 1974 554 ita
2032 509 2216 555 tamen
2277 509 2338 556 ut
2399 522 2586 558 omnes

516 594 779 648 ecclesiae
828 593 992 645 Matri
1044 594 1160 645 sine
1223 592 1333 645 ullo
1397 593 1710 647 discrimine
1775 595 2186 650 subiicerentur.
2265 596 2592 666 „Ostentant

517 687 751 759 quidem,
790 687 967 758 inquit
996 687 1039 759 Ω)
1081 685 1637 754 Thomassinussnon
1675 707 1882 758 paucae
1923 689 2235 763 (ecclesiae)
2274 690 2587 745 fundatores

516 781 825 853 Apostolos,
870 781 946 834 At
981 783 1142 835 unius
1180 781 1328 835 Petri
1367 781 1778 852 administratio,
1822 803 1957 855 quas
1997 784 2292 839 illustravit
2330 785 2588 840 ecclesias

518 895 609 929 eas
647 875 821 946 gradu
858 875 1076 928 honoris
1115 883 1169 929 et
1205 877 1488 947 potestatis
1526 895 1658 948 prae
1689 880 1885 931 ceteris
1924 881 2217 950 conspicuo
2246 880 2583 953 decoravit3„

518 978 572 1024 et
607 989 794 1024 rursus
832 969 1177 1024 luculentiori
1227 989 1516 1024 sermone:
1597 971 1942 1043 „Privilegi0,
1982 975 2159 1045 inquit
2188 974 2234 1047 ³)
2274 993 2398 1028 cum
2421 975 2589 1029 Hinc-

517 1083 683 1133 mar0,
726 1064 872 1119 Petri
899 1084 1064 1137 supra
1091 1074 1298 1120 ceteros
1325 1066 1618 1138 Apostolos
1646 1068 1824 1121 evecti
1862 1069 2126 1122 contineri
2163 1069 2591 1140 patriarcharum

518 1162 810 1232 primatum
862 1168 916 1214 et
970 1161 1507 1232 metropolitanorum
1571 1164 1810 1216 omnium
1862 1162 2181 1234 privilegia.‘
2241 1163 2396 1218 Haec
2445 1166 2591 1227 enim

520 1259 700 1314 omnia
743 1258 797 1311 in
838 1276 902 1310 eo
942 1276 1048 1310 uno
1089 1258 1193 1309 sita
1232 1263 1371 1324 sunt,
1438 1256 1582 1327 quod
1619 1257 1862 1327 praesint
1900 1257 2140 1328 episcopi
2177 1257 2272 1311 alii
2309 1257 2446 1315 aliis.
2519 1259 2595 1314 At

520 1354 768 1409 Christus
809 1352 1085 1424 Apostolis
1126 1350 1301 1405 solum
1326 1351 1548 1405 Petrum
1585 1371 1839 1423 praeesse
1878 1351 2050 1406 iussit.
2123 1352 2270 1407 Hinc
2308 1371 2435 1425 ergo
2471 1372 2598 1426 per·-

520 1450 707 1520 spicue
746 1447 883 1502 illud
922 1447 1181 1514 efficitur,
1247 1465 1602 1518 quascunque
1653 1447 2032 1518 episcoporum
2084 1466 2249 1519 supra
2298 1447 2432 1502 alios
2483 1449 2594 1520 epi-

521 1562 715 1614 scopos
777 1541 1194 1613 praecellentias
1246 1560 1348 1594 ceu
1410 1541 1590 1595 radios
1642 1561 1674 1594 a
1715 1540 1827 1594 sole
1865 1540 2084 1594 luminis
2145 1541 2307 1612 fonte,
2371 1542 2440 1597 ab
2490 1543 2594 1597 hac

519 1638 898 1709 praerogativa
958 1655 1259 1704 manasse„
1337 1637 1440 1689 His
1504 1638 1695 1707 positis
1753 1636 2028 1690 concludit
2056 1638 2098 1705 4)
2157 1637 2326 1691 Pius:
2404 1637 2594 1707 „Quae

523 1751 645 1785 cum
695 1732 772 1784 ita
824 1731 962 1799 sint3
1016 1749 1125 1784 non
1178 1739 1261 1784 est
1311 1730 1536 1801 diffugio
1591 1731 1758 1796 locus,
1834 1732 1973 1785 Nam
2025 1731 2115 1786 vel
2154 1732 2424 1787 debebitis
2464 1733 2597 1788 exui

522 1844 879 1898 quocumque,
906 1823 1263 1879 Venerabiles
1289 1825 1524 1894 FratreS,
1565 1826 1873 1897 privileg-ic,
1913 1835 2006 1880 aut
2045 1827 2092 1879 si
2117 1846 2274 1881 nemo
2314 1846 2385 1881 ex
2420 1827 2593 1882 Vobis

521 1921 640 1975 vult
690 1940 810 1974 esse
860 1921 945 1973 sui
989 1920 1209 1973 honoris
1260 1919 1531 1982 desertor,
1597 1920 1841 1974 confiteri
1894 1919 2189 1988 debebitis,
2253 1929 2314 1974 ut
2361 1939 2461 1992 par
2497 1929 2595 1990 est,

523 2016 899 2069 auctoritatem
920 2016 1300 2085 episcoporum
1323 2032 1432 2067 non
1460 2032 1580 2066 esse
1607 2015 1684 2066 ita
1707 2015 1947 2067 numeris
1974 2013 2224 2067 omnibus
2251 2014 2594 2084 cumulatam,

523 2118 582 2164 ut
622 2130 664 2168 ⁴a
699 2110 914 2163 nemine
965 2108 1221 2180 pendeat,
1282 2108 1379 2161 sed
1429 2109 1737 2162 auctoritati
1786 2108 2065 2162 Pontificis
2117 2127 2238 2162 eam
2289 2109 2483 2163 subiici
2530 2124 2618 2163 ac‘

524 2204 749 2258 subesse
781 2204 825 2277 5)
873 2212 1170 2274 oportere„
1248 2203 1664 2273 Argumentatio
1717 2204 1938 2274 copiosa
1988 2211 2042 2256 et
2077 2202 2321 2274 prolixa,
2376 2203 2474 2258 sed
2521 2204 2599 2258 ita

524 2298 708 2354 valida
746 2306 800 2352 et
838 2299 1050 2367 efficaX,
1108 2305 1168 2351 ut
1199 2317 1268 2351 ne
1306 2298 1520 2351 hiscere
1579 2298 1798 2369 quidem
1860 2298 2185 2352 adversariis
2238 2298 2422 2351 datum
2477 2315 2598 2352 esse
2639 2283 2641 2285 ¹

525 2394 758 2465 amplius
797 2413 862 2447 ac
898 2393 1165 2464 reliquum
1204 2392 1469 2446 videatur.
1546 2392 1823 2461 Videatur,
1864 2393 2122 2464 inquam;
2179 2411 2305 2445 nam
2342 2391 2597 2445 habuisse

525 2496 707 2543 tamen
743 2488 840 2555 illi,
881 2495 935 2541 et
971 2487 1173 2541 habere
1213 2488 1563 2560 etiamnumfl)
1603 2488 1697 2559 qui
1746 2488 2002 2543 contrarii
2052 2494 2177 2540 sunt
2201 2495 2256 2540 et
2304 2493 2598 2558 opponunt,

527 2582 733 2655 aliquid
772 2582 877 2635 sibi
915 2581 1185 2649 videntur,
1226 2582 1370 2653 quod
1409 2582 1703 2652 excipiant.
2603 2643 2606 2645 ,

699 2675 822 2730 426.
861 2675 936 2728 At
973 2694 1042 2728 ne
1080 2675 1215 2728 haec
1254 2675 1475 2747 quidem
1512 2674 1622 2728 illis
1647 2694 1680 2728 a
1702 2674 1802 2728 Pio
1829 2674 1967 2727 rima
2001 2673 2208 2743 relicta,
2249 2681 2303 2727 et
2339 2693 2438 2745 per
2474 2692 2599 2728 eum

526 2790 596 2825 ne
646 2769 1025 2842 praesentibus
1065 2769 1285 2842 quidem
1323 2769 1591 2823 evadendi
1632 2769 1822 2823 eadem
1859 2768 2238 2840 permittenda.
2302 2767 2597 2823 Enimvero

704 2961 739 3017 l)
770 2963 883 3006 Vide
913 2976 992 3005 suo
1023 2963 1223 3016 superius
1253 2961 1351 3002 loco
1382 2960 1616 3014 disputata.

705 3035 739 3090 ²)
770 3036 822 3079 L.
855 3050 895 3081 c.
925 3049 969 3090 p.
1002 3035 1038 3078 1.
1069 3035 1099 3078 L
1131 3033 1171 3077 1.
1204 3047 1242 3076 c.
1275 3031 1344 3075 14.
1376 3046 1419 3076 n.
1453 3031 1494 3075 1.

706 3107 739 3163 ³)
771 3109 836 3150 Ib.
867 3122 912 3151 n.
941 3107 985 3151 4.
1018 3107 1117 3149 coll.
1149 3120 1188 3150 c.
1219 3104 1290 3149 30.
1320 3119 1362 3147 n.
1393 3103 1437 3148 3.
1467 3104 1579 3146 Add.
1610 3103 1799 3146 Hallier.
1832 3104 1886 3145 de
1918 3104 2054 3145 sacris
2085 3103 2284 3147 election.
2315 3118 2356 3158 p.
2388 3104 2471 3149 ΠΙ.
2502 3105 2532 3146 l.
2557 3103 2599 3149 1.

530 3196 564 3226 s.
597 3183 654 3226 V.
685 3195 724 3226 c.
757 3180 801 3226 4.
832 3195 874 3222 n.
908 3179 979 3224 18.
1012 3184 1056 3221 et
1085 3179 1186 3223 Nat.
1216 3178 1430 3222 Alexand.
1463 3178 1543 3221 dis.
1574 3177 1692 3220 XVI.
1726 3190 1844 3222 saec.
1875 3178 1928 3220 V.
1961 3177 2028 3220 ed.
2059 3177 2198 3218 Paris.
2229 3180 2262 3220 t.
2293 3176 2373 3220 IX.
2415 3190 2460 3231 p.
2501 3175 2599 3221 642.

708 3252 741 3307 ⁴)
772 3253 839 3297 ΙΙ).
870 3267 915 3297 n.
949 3251 1018 3295 10.
2483 3256 2496 3309 J

708 3326 742 3379 ⁵)
775 3325 917 3379 „Add.
947 3325 1143 3366 Primum
1186 3310 1358 3364 iamdiu*
1401 3322 1640 3363 declaravit
1670 3335 1704 3362 s.
1737 3321 1976 3375 Gregorius
2016 3321 2077 3362 M.
2112 3321 2343 3362 occasione
2373 3321 2600 3363 electionis

533 3399 777 3440 Constantii
805 3399 852 3439 in
881 3399 1137 3452 episcopum
1166 3395 1536 3436 Mediolanensem
1583 3395 1808 3448 inquiens:
1841 3394 2094 3446 „Quatenus
2137 3393 2387 3434 huiusmodi
2427 3397 2601 3435 servata

533 3471 860 3521 consuetudine,
891 3474 934 3511 et
963 3468 1203 3523 apostolica
1232 3467 1356 3508 sedes
1401 3466 1625 3520 proprium
1668 3466 1865 3519 vigorem
1894 3465 2093 3516 retineat,
2140 3468 2184 3505 et
2228 3477 2255 3504 a
2300 3477 2348 3505 se
2393 3477 2601 3506 concessa

532 3543 630 3585 aliis
661 3557 741 3584 sua
769 3544 865 3584 iura
894 3555 984 3583 non
1014 3542 1224 3592 minuat.„
1270 3540 1385 3594 Epp.
1427 3540 1458 3583 l.
1503 3538 1586 3581 111.
1634 3551 1702 3592 ep.
1748 3535 1818 3580 30.
1865 3538 2063 3578 Alterum
2107 3549 2212 3577 vero
2255 3537 2515 3590 primatibus
2557 3541 2602 3577 et

532 3616 877 3670 metropolitanis
909 3613 1177 3668 quibuslibet
1206 3613 1434 3667 proposuit
1480 3611 1792 3651 Thomassinus
1838 3610 1906 3650 his
1939 3610 2104 3651 verbis:
2141 3609 2297 3661 „Hanc
2326 3621 2441 3662 -ergo
2481 3608 2602 3649 Petri

533 3692 795 3741 potestatem
825 3688 1034 3728 divinitus
1066 3687 1307 3727 institutam
1337 3697 1517 3725 necesse
1549 3689 1616 3724 est
1645 3684 1690 3724 in
1723 3683 1925 3724 omnibus
1955 3686 2030 3723 aut
2059 3681 2330 3731 imitandam,
2359 3685 2436 3722 aut
2464 3680 2599 3734 parti·

535 3761 767 3815 cipandam
796 3760 994 3814 proponi,
1024 3759 1099 3813 qui
1128 3759 1235 3799 iuris
1265 3757 1443 3810 aliquid,
1476 3760 1520 3798 et
1548 3757 1775 3809 potestatis
1806 3756 1852 3796 in
1882 3754 2108 3809 episcopos
2139 3756 2473 3806 assequuntur.„

713 3828 746 3885 ⁶)
768 3833 928 3873 Mirum
951 3844 1056 3871 sane
1077 3830 1263 3881 videtur,
1286 3843 1312 3870 a
1333 3829 1645 3870 catholicorum
1667 3829 1797 3869 etiam
1822 3828 2074 3882 dogmatum
2096 3821 2460 3879 explanatoribus,
2484 3823 2601 3877 quod

538 3903 760 3956 cypriano
791 3903 963 3954 accidit,
993 3903 1130 3944 veluti
1159 3902 1460 3944 difficultatem
1502 3906 1652 3941 contra
1680 3913 1886 3941 romanae
1916 3899 2030 3940 sedis
2059 3897 2278 3938 invictam·
2297 3895 2599 3937 auctoritatem

538 3981 784 4022 constanter
813 3977 870 4023 ad
899 3977 1011 4024 hanc
1042 3977 1156 4021 diem
1185 3988 1326 4031 usque
1356 3974 1591 4015 obmoveri.
1622 3972 1857 4027 Excipiant
1885 3971 1955 4014 Pii
1983 3981 2254 4028 responsum·
