2716 4446
1338 149 1736 208 —150—

509 333 567 368 es
606 316 797 368 Petrus
837 355 848 367 .
888 355 899 366 .
941 356 951 366 .
991 314 1060 366 Et
1092 316 1186 368 tibi
1221 315 1361 366 dabo
1400 355 1411 366 .
1451 354 1463 367 .
1502 356 1513 366 .
1551 312 1818 379 Numquid
1851 317 1974 363 sunt
2008 311 2094 363 hic
2133 327 2291 379 reges
2325 315 2580 381 excepti?

507 408 620 460 Aut
658 424 761 459 non
803 415 924 459 sunt
970 407 1036 458 de
1078 409 1267 460 ovibus
1307 423 1440 474 quas
1479 406 1648 458 Filius
1681 404 1779 456 Dei
1815 407 1864 457 b.
1897 404 2059 456 Petro
2100 406 2399 457 commisit?
2453 405 2580 469 Quis

507 517 644 569 rogo
698 502 750 552 in
802 501 903 552 bac
953 501 1243 552 universali
1293 499 1644 551 concessione
1681 498 1886 565 ligandi
1925 504 2084 565 atque
2125 498 2372 551 solvendi
2409 517 2440 551 a
2479 515 2580 567 po-

506 601 701 646 testate
739 593 884 645 Petri
938 608 996 644 se
1050 593 1323 644 exclusum
1376 607 1498 642 esse
1549 591 1833 657 existimat,
1888 591 1986 642 nisi
2021 591 2160 643 forte
2201 591 2386 644 infelix
2417 591 2435 622 ¹
2476 593 2578 660 ille,

507 689 595 754 qui
626 688 816 756 jugum
861 686 1069 739 Domini
1109 693 1326 754 portare
1352 674 1570 751 nolens,
1623 684 1823 736 diaboli
1861 699 1921 737 se
1959 685 2174 752 subjicit
2212 685 2377 752 oneri,
2432 694 2489 742 et
2528 687 2580 739 in

503 793 724 830 numero
778 779 954 830 ovium
995 776 1194 828 Christi
1250 792 1370 828 esse
1425 776 1684 828 recusat?
1738 777 1824 828 cui
1870 782 2041 828 tamen
2083 776 2187 829 hoc
2224 777 2293 830 ad
2333 780 2578 832 miseram

505 872 801 923 libertatem
830 871 1040 923 minime
1076 869 1306 938 proficit,
1341 869 1483 936 quod
1514 875 1836 943 *potestatem
1866 870 2011 922 Petri
2042 870 2295 924 divinitus
2322 873 2422 926 sibi
2450 889 2580 926 con-

504 979 710 1015 cessam
752 981 783 1015 a
821 966 1055 1032 superba
1098 964 1310 1015 cervice
1353 964 1576 1014 excutit:
1633 964 1881 1029 quoniam
1936 972 2135 1031 quanto
2192 983 2306 1018 eam
2356 967 2580 1035 quisque

502 1075 601 1125 per
639 1057 923 1109 elationem
962 1059 1103 1109 serre
1144 1060 1394 1124 abnegat,
1448 1063 1596 1108 tanto
1637 1057 1820 1110 durius
1865 1057 1932 1109 ad
1985 1058 2375 1112 damnationem
2431 1076 2578 1114 suam

502 1151 551 1201 in
595 1150 803 1218 judicio
853 1158 1046 1219 portat.
1125 1150 1274 1203 Hanc
1330 1151 1509 1217 itaque
1565 1150 1779 1203 divinae
1831 1153 2124 1206 voluntatis
2179 1155 2579 1223 institutionem,

503 1247 603 1297 hoc
641 1244 1024 1296 firmamentum
1066 1243 1479 1312 dispensationis
1517 1246 1797 1313 ecclesiae,
1836 1247 1940 1300 hoc
1977 1248 2316 1316 privilegium
2343 1252 2393 1303 b.
2416 1250 2579 1302 Petro

142 1355 206 1389 Aa
244 1364 302 1389 ss.
336 1355 485 1390 Patres
503 1337 887 1406 Apostolorum
929 1338 1152 1406 principi
1194 1338 1414 1389 coelesti
1454 1337 1675 1391 decreto
1714 1339 2084 1409 principaliter
2123 1342 2370 1395 traditum
2416 1351 2578 1411 atque
2622 1406 2627 1410 ¹
2706 1341 2708 1343 ’

214 1406 406 1451 ⁰''¹'⁶¹¹⁰‘·
501 1431 781 1499 firmatum,
821 1433 988 1484 sancti
1028 1433 1218 1484 Patres
1253 1449 1368 1484 cum
1410 1448 1605 1498 magna
1643 1434 1993 1485 veneratione
2026 1435 2379 1503 suscipientes
2417 1444 2578 1504 atque

142 1544 397 1604 ,wa-opalia
417 1553 478 1588 ‚ae-
502 1534 800 1595 servanteS,
854 1535 1091 1581 sanctam
1131 1542 1400 1579 romanam
1441 1526 1724 1578 ecclesiam
1767 1533 1871 1579 tam
1911 1529 1963 1579 in
2002 1529 2347 1595 generalibus
2396 1531 2578 1584 conci-

140 1595 357 1682 neraezgalf
359 1604 484 1631 rovo-
502 1621 602 1689 liis,
641 1638 796 1688 quam
831 1623 988 1674 etiam
1026 1622 1077 1672 in
1118 1605 1313 1672 ceteris
1353 1621 1568 1688 scriptis
1609 1627 1663 1672 et
1701 1622 1870 1687 gestis
1908 1622 2018 1674 suis
2067 1623 2424 1675 universalem
2451 1640 2578 1685 ,ma-

501 1722 633 1768 trem
675 1716 1108 1783 appellaverunt:
1147 1720 1201 1766 et
1239 1714 1377 1766 sicut
1406 1713 1525 1782 ejus
1563 1713 1884 1767 documenta
1921 1715 1973 1766 in
2006 1715 2412 1768 confirmatione
2451 1715 2577 1770 fidei

501 1816 555 1860 et
593 1808 895 1860 eruditione
935 1824 1123 1860 sacrae
1164 1807 1456 1874 religioniS,
1509 1807 1583 1858 ita
1633 1808 1792 1859 etiam
1834 1807 2041 1876 judicio
2091 1818 2470 1882 susceperunt:
2522 1810 2577 1862 in

502 1903 605 1954 hoc
646 1902 1041 1954 consentientes
1083 1907 1137 1952 et
1174 1900 1326 1967 quasi
1356 1914 1469 1965 vuno
1510 1902 1698 1968 spiritu
1737 1908 1791 1952 et
1830 1918 1934 1953 una
1982 1917 2117 1954 voce
2167 1902 2576 1968 concordantes,

502 2011 686 2047 omnes
726 1995 960 2062 majores
999 2009 1087 2045 res
1127 2000 1181 2045 et
1218 1993 1511 2061 praecipua
1552 1993 1768 2059 negotia
1808 2009 1906 2044 nec
1958 2008 2063 2045 non
2115 1994 2345 2046 omnium
2396 1995 2575 2048 eccle-

500 2090 695 2140 siarum
727 2088 932 2157 judicia
972 2088 1040 2139 ad
1078 2104 1194 2140 eam
1233 2088 1385 2154 quasi
1423 2086 1493 2139 ad
1533 2094 1754 2139 matrem
1805 2094 1858 2138 et
1910 2095 2074 2156 caput
2113 2088 2315 2142 debere
2366 2088 2575 2156 referri,

499 2184 567 2234 ab
607 2199 671 2234 ea
712 2197 967 2249 nusquam
1009 2181 1287 2249 appellari,
1318 2179 1527 2248 judicia
1567 2180 1685 2248 ejus
1726 2198 1755 2232 a
1796 2181 2004 2233 nemine
2045 2183 2326 2240 retractari
2358 2189 2450 2235 aut
2472 2191 2573 2235 ‘re-4

206 2294 482 2330 necessarum
498 2275 609 2326 felli
649 2275 847 2328 debere
881 2275 970 2326 vel
1007 2289 1183 2343 posse.
1259 2272 1413 2325 Unde
1458 2276 1505 2326 b.
1540 2272 1786 2326 Gelasius
1825 2291 1968 2342 papa
2009 2273 2301 2328 Anastasio
2338 2277 2574 2345 impera·
2659 2281 2667 2284 “

162 2340 364 2432 ‘'aff''{ffiff
396 2346 482 2380 Μ’
499 2369 600 2420 tori
638 2370 881 2422 scribens
920 2369 1099 2421 diviua
1138 2368 1298 2420 fultus
1338 2368 1673 2434 auctoritate,
1728 2368 1853 2434 quid
1899 2376 1953 2421 et
1992 2369 2223 2436 qualiter
2265 2368 2334 2421 de
2373 2370 2574 2438 princi-

499 2471 629 2531 patu
667 2470 885 2515 sanctae
925 2470 979 2515 et
1017 2462 1348 2530 apostolicae
1386 2461 1532 2514 sedis
1571 2462 1771 2513 sentire
1811 2462 2050 2528 deberet,
2105 2463 2209 2515 hoc
2258 2463 2416 2515 modo
2455 2479 2574 2515 eum

498 2555 769 2606 instruxit:
808 2554 940 2620 Etsi,
974 2555 1157 2621 inquit,
1197 2554 1405 2606 cunctis
1444 2554 1772 2621 generaliter
1810 2554 2182 2607 sacerdotibus
2213 2563 2363 2608 recte
2390 2555 2572 2608 divina

499 2649 851 2701 tractantibus
890 2647 1122 2700 fidelium
1163 2649 1414 2700 convenit
1452 2648 1591 2701 colla
1645 2648 1895 2714 submitti,
1950 2654 2147 2715 quanto
2199 2649 2378 2717 potius
2426 2648 2572 2701 sedis

497 2741 638 2793 illius
676 2743 912 2810 praesuli
953 2757 1245 2794 consensus
1281 2748 1364 2793 est
1401 2741 1749 2806 adhibenduS‚
1791 2757 1946 2808 quem
1961 2743 2175 2795 cunctis
2202 2742 2572 2796 sacerdotibus

498 2845 552 2888 et
605 2836 854 2888 divinitas
881 2833 904 2866 2
953 2853 1154 2888 summa
1193 2837 1361 2889 voluit
1399 2838 1786 2906 praeeminere,
1845 2843 1899 2889 et
1938 2839 2272 2904 subsequens
2311 2836 2572 2889 ecclesiae
2635 2848 2638 2850 “

498 2931 768 2997 generalis
800 2931 1006 2998 jugiter
1043 2931 1216 2998 pietas
1255 2931 1590 2983 celebravit?
1665 2929 1769 2982 Ubi
1808 2930 2092 2998 prudentia
2147 2937 2235 2982 tua
2292 2929 2572 2980 evidenter

499 3023 747 3084 advertit,
800 3040 1078 3090 numquam
1120 3024 1359 3090 quolibet
1403 3025 1613 3090 penitus
1666 3023 1898 3075 humano
1952 3022 2175 3088 consilio
2229 3037 2461 3087 aequare
2512 3036 2573 3072 se
2645 3064 2648 3066 .
2706 3053 2713 3063 s,

498 3132 810 3183 quemquam
851 3131 1015 3184 posse
1048 3116 1186 3168 illius
1227 3116 1513 3184 privilegio
1546 3116 1632 3168 vel
1660 3116 1999 3181 confessioni,
2040 3131 2194 3182 quem
2223 3112 2420 3165 Christi
2460 3128 2570 3165 vox

499 3210 750 3278 praetulit
787 3210 1066 3275 universiS,
1106 3226 1261 3277 quem
1302 3209 1535 3262 ecclesia
1575 3209 1885 3264 veneranda
1924 3207 2175 3282 confessa
2215 3222 2428 3276 semper
2466 3213 2568 3271 est,

499 3309 553 3354 et
588 3303 752 3355 habet
789 3303 985 3355 devota
1026 3289 1320 3371 primatem.
1394 3302 1525 3354 Item
1565 3302 1738 3354 Julius
1778 3318 1919 3370 papa
1970 3301 2317 3353 orientalibus
2355 3300 2569 3368 episco-

496 3397 580 3465 pis
617 3398 857 3449 scribens
897 3396 964 3447 de
1003 3403 1272 3465 potestate
1304 3395 1542 3463 ejusdem
1582 3402 1801 3447 sauctae
1838 3403 1892 3448 et
1929 3395 2262 3463 apostolicae
2299 3393 2443 3451 sedis
2468 3393 2567 3444 ait:

498 3490 763 3542 Decuerat
816 3505 913 3541 vos
965 3490 1160 3542 fratres
1208 3489 1469 3541 adversus
1519 3495 1756 3542 sanctam
1809 3503 2081 3541 romanam
2125 3493 2180 3538 et
2218 3485 2566 3555 apostolicam

497 3581 778 3634 ecclesiam
826 3581 1006 3633 limate
1054 3588 1108 3633 et
1140 3597 1261 3634 ,non
1312 3582 1512 3634 ironice
1562 3580 1730 3649 quui:
1785 3580 2031 3648 quoniam
2071 3585 2125 3631 et
2162 3579 2279 3646 ipse
2316 3577 2567 3630 Dominus

619 3892 632 3918 ¹
663 3890 743 3933 His
775 3890 833 3934 ad
864 3889 1107 3933 Henricum
1139 3889 1211 3933 lv.
1244 3889 1571 3946 imperatorem
1605 3867 1807 3943 respicit.

615 3961 633 3988 ²
663 3962 730 4006 En
762 3959 1053 4019 Scripturam
1087 3975 1142 4006 ac
1175 3962 1500 4006 'traditionem
