2716 4446
213 1536 339 1569 Unitaa
353 1546 395 1568 ac
418 1537 555 1577 unifor-

329 1581 444 1613 micas.

247 3662 456 3697 coelestinus
481 3666 505 3697 I
503 3688 512 3699 .

1444 104 1790 167 —112—

576 248 856 305 licitudine
914 250 1095 303 omnia
1150 267 1290 322 quae
1346 251 1416 305 ad
1452 250 1692 304 familiae
1729 250 1890 305 huius
1947 249 2276 306 christianae
2317 250 2547 308 salutem
2596 261 2652 310 et

574 345 991 415 prosperitatem
1028 345 1338 398 conducunt
1375 344 1730 413 administrat,
1772 343 1999 414 ordinat,
2047 352 2213 401 curat.
2251 344 2410 400 Unde
2434 365 2533 418 per
2557 367 2650 402 ex·

576 436 887 491 cellantiam
924 437 1092 510 Papa,
1133 438 1161 489 0‘
1204 436 1431 507 πάπποις,
1470 447 1715 492 vocatur.

1150 619 1194 664 5.
1226 619 1450 662 Romanae
1482 622 1668 662 actionis
1698 622 1766 663 vis
1797 626 1841 664 et
1872 622 2068 667 effectus,

748 762 868 818 108.
888 756 1049 815 Actio
1077 763 1243 832 igitur
1269 781 1408 836 quae
1437 782 1470 816 a
1494 782 1719 817 romana
1746 764 1875 818 sede
1901 766 1982 818 uti
2008 785 2041 819 a
2066 774 2251 820 centro
2272 767 2649 840 proficiscitur,

570 857 725 910 varia
782 864 866 909 est
922 875 985 910 ac
1041 855 1365 929 multiplex:
1424 857 1636 912 scilicet
1672 878 1770 930 pro
1809 861 2074 915 varietate
2123 880 2188 915 ac
2245 861 2648 934 multiplicitate

571 949 849 1019 ordinum,
906 951 1177 1005 rationum
1215 959 1378 1023 atque
1418 952 1717 1022 modorum,
1758 954 1957 1026 quibus
1997 963 2170 1010 semet
2206 958 2371 1011 totius
2426 958 2646 1029 mystici

572 1043 776 1099 Christi
815 1046 1057 1116 corporis
1095 1046 1210 1099 vita
1246 1045 1429 1117 prodit
1467 1054 1521 1099 et
1558 1046 1835 1118 explicat:
1896 1048 1966 1102 ad
2014 1057 2184 1103 totam
2224 1049 2647 1121 explicationem

571 1141 713 1194 hanc
750 1139 849 1193 illa
888 1148 1061 1195 semet
1099 1140 1372 1210 extendit,
1430 1149 1492 1195 ut
1530 1160 1726 1213 corpus
1765 1141 1911 1196 idem
1955 1142 2239 1197 harmonia
2276 1152 2651 1217 concentuque

572 1253 758 1288 secum
794 1236 914 1306 ipso
954 1243 1220 1307 augeatur
1258 1244 1312 1289 et
1350 1244 1588 1305 crescat,
1629 1245 1690 1290 ut
1726 1239 1986 1291 universa
2022 1238 2132 1292 Dei
2171 1238 2407 1293 ecclesia
2443 1242 2651 1294 unitate

573 1327 809 1383 excellat
847 1347 911 1382 ac
950 1328 1331 1400 distinguatur.
1407 1331 1577 1403 Atqui
1634 1331 1770 1385 haec
1828 1331 2145 1387 obtinentur
2183 1340 2237 1387 et
2286 1335 2560 1388 exsistunt
2595 1335 2652 1389 vi

572 1442 831 1477 romanae
867 1423 1016 1477 illius
1056 1425 1301 1481 actionis,
1376 1425 1516 1479 Nam
1551 1427 1713 1480 huius
1753 1428 1983 1481 actionis
2022 1446 2279 1482 romanae
2316 1429 2376 1482 vi

745 1533 789 1589 Ι.
839 1534 1018 1587 unitas
1070 1552 1135 1587 ac
1173 1534 1515 1588 uniformitas
1555 1536 1774 1590 exsistit
1831 1536 2161 1607 apostolicae
2212 1537 2650 1608 praedicationis,

573 1647 672 1700 per
710 1646 872 1700 quam
909 1627 1144 1681 ecclesia
1181 1629 1366 1683 evadit
1402 1648 1512 1683 una
1551 1637 1605 1683 et
1644 1629 1934 1684 catholica:

745 1736 816 1791 ΙΙ.
855 1740 1038 1792 unitas
1076 1746 1131 1792 et
1166 1738 1510 1793 uniformitas
1549 1739 1858 1810 regiminis,
1895 1757 1995 1811 per
2032 1739 2178 1812 quod
2219 1740 2453 1795 ecclesia
2488 1742 2652 1796 unius

571 1832 808 1905 pastoris
846 1839 902 1884 et
939 1847 1106 1882 unum
1147 1826 1380 1880 efficitur
1419 1825 1589 1881 ovile:

744 1940 841 1996 ΙΙΙ.
880 1939 1061 1993 unitas
1100 1946 1155 1991 et
1191 1937 1532 1991 uniformitas
1570 1936 1942 2008 professioniS‚
1981 1955 2081 2008 per
2118 1955 2283 2008 quam
2321 1937 2557 1992 ecclesia
2591 1937 2654 1992 fit

572 2036 732 2090 unius
771 2034 904 2088 labii
943 2041 1106 2105 atque
1146 2033 1472 2086 sententiae:

740 2144 837 2201 IV.
889 2146 1070 2198 unitas
1110 2151 1163 2198 et
1198 2141 1543 2197 uniformitas
1581 2160 1821 2211 morum,
1863 2140 2061 2214 quibus
2100 2141 2335 2196 ecclesia
2371 2148 2651 2214 comparet

570 2260 680 2295 una
719 2249 774 2295 et
813 2246 1029 2293 sancta:

741 2348 809 2405 V.
866 2351 1046 2403 unitas
1086 2357 1141 2402 et
1177 2347 1519 2402 uniformitas
1543 2347 1585 2420 1)
1626 2347 1804 2402 cultus
1845 2347 2033 2417 divini,
2074 2365 2173 2419 per
2210 2365 2373 2420 quem
2411 2346 2648 2401 ecclesia

570 2451 654 2498 est
691 2444 883 2498 domus
922 2443 1017 2496 illa
1054 2443 1163 2496 Dei
1185 2444 1231 2514 2)
1287 2443 1344 2495 in
1383 2461 1490 2514 qua
1528 2443 1644 2496 veri
1682 2442 1994 2496 adoratores
2051 2438 2281 2496 adorant
2317 2441 2535 2495 Patrem
2591 2441 2650 2496 in

572 2539 768 2611 spiritu
806 2547 861 2592 et
896 2539 1153 2592 veritate:

743 2632 838 2686 VI.
916 2633 1095 2685 unitas
1170 2631 1650 2704 substantialisque
1712 2631 2052 2685 uniformitas
2090 2633 2236 2685 vitae
2299 2630 2643 2699 christianae,

570 2734 930 2799 attemperata
966 2733 1165 2794 tamen,
1205 2735 1266 2780 ut
1302 2745 1402 2798 par
1440 2733 1526 2779 est
1562 2733 1617 2779 et
1652 2744 1756 2779 usu
1793 2727 1973 2794 venit,
2032 2744 2154 2778 cum
2211 2726 2475 2780 varietate
2518 2742 2643 2778 con-

569 2821 923 2893 tingentium',
978 2839 1084 2893 quo
1125 2819 1329 2875 Christi
1380 2819 1615 2874 ecclesia
1664 2819 1916 2874 videatur
1952 2838 2062 2873 una
2097 2818 2305 2873 familia
2350 2818 2644 2873 catholica:

744 2915 869 2971 VII.
926 2916 1106 2969 unitas
1163 2922 1448 2987 praeterea
1505 2923 1559 2969 et
1614 2914 1955 2969 uniformitas
2011 2915 2145 2968 iuris
2183 2921 2348 2986 atque
2385 2913 2639 2985 iustitiae,

570 3027 677 3082 qua
713 3010 770 3062 in
806 3028 975 3080 regno
1016 3007 1221 3063 Christi
1259 3011 1502 3081 gignitur
1541 3009 1671 3063 ordo
1711 3018 1766 3063 et
1802 3028 1941 3080 pax:
1981 3017 2035 3063 et
2061 3008 2303 3062 eiusdem
2329 3007 2565 3080 denique
2590 3007 2648 3061 vi

744 3102 897 3158 VIII.
917 3104 1096 3157 unitas
1117 3110 1280 3175 atque
1304 3105 1633 3158 consociatio
1662 3104 1839 3156 amica
1864 3104 2038 3156 omnis
2064 3101 2345 3156 hominum
2371 3101 2647 3155 societatis

570 3196 880 3265 intenditur,
922 3216 1061 3269 quae
1101 3217 1207 3269 quo
1245 3199 1540 3269 perfectius
1580 3206 1806 3267 constat,
1848 3217 1912 3251 eo
1953 3196 2157 3251 Christi
2183 3196 2500 3250 oeconomia
2522 3214 2645 3267 per-

570 3290 766 3344 fectius
807 3289 1070 3362 splendet,
1112 3310 1175 3344 eo
1214 3292 1559 3364 tranquillior
1594 3291 1902 3346 hominibus
1941 3293 2032 3345 via
2071 3290 2260 3344 salutis
2298 3290 2552 3361 aperitur,
2593 3295 2649 3342 et

572 3402 635 3437 eo
674 3383 905 3455 amplior
942 3383 1115 3454 gloria
1153 3386 1518 3439 misericordis
1545 3386 1653 3439 Dei
1679 3387 1820 3440 inter
1844 3385 2090 3439 homines
2116 3385 2172 3438 in
2198 3384 2358 3438 terris
2395 3381 2642 3453 refulget.

756 3649 786 3703 ¹)
817 3650 937 3691 Inter
966 3649 1297 3704 praeteritorum
1327 3649 1443 3691 sedis
1474 3653 1614 3704 apost.
1646 3649 1952 3703 episcoporum
1992 3646 2274 3689 auctoritates
2304 3644 2359 3685 de
2389 3642 2529 3698 gratia
2557 3641 2643 3683 Dei

574 3735 611 3763 c.
642 3722 699 3764 11.
730 3721 916 3775 legitur:
949 3721 1343 3774 „obsecrationum
1365 3734 1539 3775 quoque
1563 3720 1899 3762 sacerdotalium
1919 3721 2192 3761 sacramenta
2210 3715 2507 3770 respiciamus,
2529 3725 2642 3767 quae

574 3794 630 3835 ab
661 3794 882 3848 Apostolis
913 3794 1073 3835 tradita
1102 3794 1148 3834 in
1177 3797 1268 3835 toto
1309 3792 1473 3835 mundo
1512 3796 1644 3847 atque
1678 3793 1724 3833 in
1766 3792 1884 3833 omni
1914 3789 2101 3832 ecclesia
2131 3787 2344 3830 catholica
2373 3784 2642 3827 uniformiter

575 3866 863 3917 celebrantur,
893 3870 942 3906 ut
970 3866 1114 3919 legem
1146 3864 1351 3905 credendi
1382 3867 1545 3905 statuat
1572 3864 1644 3905 lex
1675 3861 1990 3917 supplicandi.„

748 3936 783 3992 ²)
813 3938 944 3981 Joan.
974 3937 1050 3980 IV.
1081 3934 1151 3979 23.
