2716 4446
255 298 467 334 Thomam‘n.

205 817 392 849 Imtitutus
413 817 499 850 ordo

276 861 413 893 calatis.

219 1618 253 1651 S.
285 1619 471 1662 Remigius.

234 1966 455 1999 clodovaeus.

260 2127 444 2168 Daqobere.

246 2263 392 2298 Carolus
410 2264 456 2296 M.

237 3002 374 3043 Alfred.
401 3001 450 3035 M.

207 3733 355 3766 {riv-idat.
374 3743 504 3766 armen.

1410 175 1474 186 .-
1531 144 1606 206 40
1676 177 1746 188 .-

539 282 850 338 Ludovicus
864 283 1282 341 Thomassinus:
1301 288 1445 343 unde
1471 296 1697 359 constat,
1717 291 1956 361 gravia¹)
1977 290 2107 348 olim
2125 294 2343 366 negotia
2360 293 2418 349 in
2439 295 2607 352 socie-

539 385 647 431 tate
673 378 966 432 christiana
988 380 1103 434 sive
1123 399 1156 433 a
1173 381 1512 453 principibus
1534 384 1650 436 sive
1683 402 1717 436 a
1750 383 1980 439 subditis
2001 394 2253 459 suscepta
2290 395 2344 444 et
2380 397 2608 446 tractata

539 473 654 526 sine
693 472 957 527 ecclesiae
993 475 1335 545 praesulibus
1374 484 1536 550 atque
1573 478 1836 533 ministris
1872 480 1969 533 vix
2005 480 2117 535 ulla
2151 482 2336 538 fuisse.

1113 657 1154 702 7.
1195 659 1278 701 Rei
1308 660 1532 715 expositae
1561 661 1753 703 rationes
1784 665 1828 704 et
1859 676 2033 706 causae.

709 816 797 871 45.
835 815 1056 870 Scilicet
1094 817 1238 889 quod
1275 837 1598 890 persuasum
1636 821 1886 875 omnibus
1925 822 2141 896 fideque
2189 824 2411 879 insitum
2458 828 2606 899 peni-

534 911 743 964 tissime
783 919 955 978 esset,
994 911 1200 965 homini
1238 912 1527 967 christiano
1569 915 1861 970 cuiuslibet
1900 916 2133 987 ordinis,
2189 919 2514 974 conditionis
2553 929 2608 975 et

538 1012 707 1059 status
747 1024 819 1059 ex
855 1005 962 1060 fide
1001 1007 1057 1059 in
1095 1007 1346 1061 omnibus
1385 1008 1683 1079 agendum,
1742 1010 2076 1081 operandum
2131 1019 2186 1066 et
2220 1013 2515 1069 vivendum
2536 1014 2608 1086 Ω);

536 1098 665 1154 fidei
717 1118 877 1172 porro
941 1100 1330 1176 christianique
1381 1104 1514 1157 iuris
1575 1103 1821 1176 regulam
1879 1113 1933 1160 et
1991 1125 2235 1161 normam
2290 1107 2613 1164 audiendam

535 1396 739 1438 nimirum
775 1397 1087 1438 necessitatum
1115 1395 1309 1438 fidelium
1340 1397 1704 1451 calamitosorum,
1734 1397 2014 1453 pupillorum,
2054 1398 2325 1454 privatorum
2365 1413 2419 1442 ac
2446 1401 2608 1455 princi-

533 1482 652 1523 pum,
681 1470 1008 1524 particularium
1047 1483 1100 1511 ac
1139 1470 1272 1512 totius
1311 1479 1626 1526 nonnunquam
1663 1471 1887 1513 hominum
1927 1471 2161 1525 societatis,
2200 1471 2333 1527 idque
2380 1473 2606 1528 postulan-

533 1543 650 1584 tibus
679 1543 786 1597 ipsis
808 1543 1013 1597 gregibus
1044 1549 1176 1599 atque
1206 1545 1480 1600 praepositis.
2004 1547 2006 1549 ’

712 1615 746 1667 ¹)
776 1616 988 1659 Memoria
1017 1617 1198 1671 dignum
1227 1631 1263 1662 s.
1294 1618 1485 1672 Remigii
1515 1631 1640 1662 conc.
1673 1617 1791 1666 Gall.
1820 1622 1852 1660 t.
1871 1618 1907 1661 Ι.
1930 1632 1974 1674 p.
1994 1617 2094 1662 275.
2115 1632 2184 1673 ep.
2215 1618 2274 1661 ad
2304 1618 2605 1664 clodovaeum

533 1691 619 1732 hoc
649 1691 797 1732 datum
827 1690 922 1744 regi
953 1690 1211 1731 consilium:
1261 1690 1576 1743 „Consiliarios
1621 1692 1684 1732 ibi
1728 1691 1935 1732 adhibere
1982 1691 2130 1745 debes,
2177 1692 2252 1746 qui
2295 1684 2459 1734 famam
2486 1696 2609 1736 tuam

535 1764 704 1818 possint
733 1776 910 1805 ornare:
942 1767 987 1804 et
1016 1762 1276 1804 beneficium
1307 1767 1432 1805 tuum
1463 1767 1633 1805 castum
1672 1767 1716 1806 et
1759 1763 1990 1806 honestum
2032 1777 2129 1806 esse
2159 1763 2301 1818 debet,
2334 1769 2378 1806 et
2406 1766 2608 1809 sacerdo-

534 1837 652 1878 tibus
681 1836 768 1877 tuis
797 1835 1008 1877 honorem
1038 1835 1217 1877 debebis
1248 1835 1432 1889 deferre,
1463 1840 1508 1878 et
1536 1836 1594 1877 ad
1615 1849 1765 1878 eorum
1796 1836 1982 1878 consilia
2011 1849 2183 1891 semper
2210 1850 2449 1880 recurrere.
2482 1839 2611 1891 Quod

536 1910 574 1950 si
602 1909 683 1950 tibi
711 1909 825 1950 bene
856 1922 955 1950 cum
984 1909 1072 1950 illis
1103 1909 1369 1956 convenerit,
1399 1910 1627 1963 provincia
1647 1913 1725 1950 tua
1745 1909 1900 1951 melius
1923 1912 2068 1963 potest
2087 1913 2330 1964 conatam„
2366 1909 2609 1954 Consilium

535 1982 654 2024 haud
683 1982 819 2024 semel
848 1982 1021 2035 sequuti
1053 1981 1328 2023 Clodovaeus
1358 1985 1402 2024 et
1434 1995 1726 2032 successores,
1756 1982 1822 2023 uti
1850 1982 1999 2024 videre
2029 1986 2096 2024 est
2123 1995 2194 2037 ap.
2224 1983 2299 2024 Du
2315 1981 2488 2026 Chesne
2504 1983 2608 2028 hist.

534 2055 695 2100 Franc.
724 2059 758 2099 t.
790 2054 826 2099 Ι.
859 2055 935 2109 qui
962 2055 1035 2096 vel
1064 2055 1111 2096 in
1140 2055 1246 2111 ipsis
1278 2056 1367 2096 suis
1399 2055 1587 2097 dissidiis
1617 2055 1805 2097 arbitros
1836 2054 2081 2109 deligerent
2111 2057 2355 2111 episcopos.
2385 2056 2523 2099 Porro
2553 2057 2608 2099 de

534 2127 812 2169 felicissimae
842 2127 1155 2169 recordationis
1185 2128 1440 2182 Dagoberto
1466 2129 1501 2169 Ι.
1532 2127 1694 2182 legitur
1725 2127 1843 2181 quod
1873 2126 1969 2180 „Ab
1999 2127 2138 2180 initio,
2171 2141 2258 2182 quo
2288 2141 2473 2183 regnare
2503 2142 2608 2172 coe-

535 2203 673 2255 perat,
707 2200 890 2242 consilio
920 2201 962 2242 b.
993 2199 1211 2255 Arnulphi
1242 2200 1450 2241 metensis
1482 2200 1677 2254 episcopi
1707 2203 1751 2241 et
1772 2199 1920 2254 Pipini
1938 2199 2120 2242 Maioris
2150 2199 2305 2242 domus
2334 2213 2458 2254 usus,
2485 2204 2609 2245 tanta

534 2273 822 2328 prosperitate
853 2273 1073 2327 regebat.„
1123 2273 1350 2323 Quaenam
1390 2272 1523 2314 fuerit
1564 2271 1712 2314 Caroli
1756 2272 1820 2316 M.
1850 2272 2123 2315 consuetudo
2152 2285 2206 2315 ac
2234 2285 2388 2315 norma
2418 2287 2519 2317 eum
2549 2275 2606 2317 sit

535 2345 930 2400 exploratissimum
962 2346 1162 2387 omnibus
1211 2346 1279 2387 his
1325 2349 1495 2387 tantum
1526 2345 1768 2387 illustrasse
1819 2345 1926 2386 satis
1973 2349 2051 2398 est,
2095 2346 2255 2400 quibus
2293 2358 2481 2400 magnus
2527 2347 2605 2390 ille

535 2432 563 2460 a
593 2417 871 2472 Sangallensi
900 2418 1113 2459 monacho
1160 2418 1191 2461 1.
1222 2417 1281 2462 ΙΙ.
1317 2431 1355 2461 c.
1402 2416 1443 2459 9.
1484 2417 1768 2459 describitur:
1817 2418 2039 2471 „Radians
2070 2419 2184 2460 sicut
2213 2418 2280 2461 sol
2307 2418 2356 2460 in
2385 2421 2484 2461 ortu
2512 2432 2606 2474 suo,

535 2491 718 2545 gemmis
749 2495 792 2532 et
821 2504 928 2532 auro
970 2491 1243 2545 conspicuus,
1288 2491 1463 2532 innixus
1512 2503 1644 2544 super
1687 2490 1936 2532 Hettonem.
1983 2490 2083 2532 Hoc
2126 2491 2287 2546 quippe
2327 2482 2423 2534 erat
2449 2505 2610 2535 nomen

535 2564 730 2619 episcopi
758 2563 817 2606 ad
847 2563 1256 2618 Constantinopolin
1288 2563 1506 2618 quondam
1536 2563 1739 2618 delegati.
1771 2564 1825 2604 In
1845 2563 1969 2605 cuius
1990 2563 2184 2618 undique
2215 2563 2401 2606 circuitu
2420 2564 2608 2607 circum-

537 2637 752 2678 sistebant
779 2638 917 2678 instar
945 2637 1127 2678 militiae
1158 2637 1364 2678 coelestis
1393 2640 1482 2678 tres
1511 2637 1694 2678 iuvenes
1715 2636 1796 2678 filii
1816 2636 1923 2689 eius,
1953 2636 2042 2677 iam
2061 2636 2188 2690 regni
2206 2636 2440 2691 participes
2463 2636 2608 2678 effecti

535 2710 739 2763 filiaeque
770 2722 869 2750 cum
899 2712 1037 2750 matre
1058 2713 1140 2750 etc.
1163 2709 1398 2751 Pontifices
1427 2709 1568 2751 forma
1598 2712 1642 2751 et
1661 2709 1895 2751 virtutibus
1914 2708 2292 2763 incomparabiles,
2322 2709 2605 2762 praestantis-

532 2784 631 2825 simi
660 2782 887 2824 nobilitate
917 2782 1047 2823 simul
1077 2785 1121 2823 et
1150 2783 1382 2823 sanctitate
1413 2781 1637 2834 abbates.„
1691 2780 1845 2835 Neque
1877 2781 2009 2823 aliam
2038 2780 2175 2823 fuisse
2195 2780 2376 2825 vivendi
2408 2780 2604 2823 sentien-

537 2855 668 2908 dique
698 2855 911 2895 rationem
953 2855 1103 2909 magni
1147 2853 1391 2908 Anglorum
1437 2854 1554 2907 regis
1599 2853 1781 2905 Alfredi,
1827 2857 2003 2895 enarrat
2041 2852 2263 2907 spelman.
2294 2853 2371 2895 life
2399 2853 2450 2895 of
2473 2854 2606 2909 King.

536 2927 715 2968 Aelfred
758 2940 830 2981 ap.
877 2927 1037 2969 Christ.
1083 2930 1128 2968 et
1171 2926 1320 2972 Fried.
1365 2927 1502 2981 Leop.
1551 2939 1663 2969 com.
1716 2939 1745 2967 a
1796 2925 2001 2981 Stolberg
2044 2924 2124 2969 vit.
2175 2924 2340 2967 Alfred.
2390 2925 2454 2968 M.
2505 2939 2606 2982 opp.

537 3004 569 3043 t.
600 3000 656 3043 X.
688 3014 760 3054 pp.
791 2998 890 3042 209.
923 3013 1017 3053 sqq.
1066 3013 1140 3041 nn.
1174 2999 1294 3041 XIV.
1346 3012 1412 3053 sq.
1459 2999 1535 3040 ubi
1577 2999 1738 3053 legitur
1781 3011 1872 3040 non
1915 3001 2087 3039 tantum
2116 2997 2172 3039 de
2202 2998 2295 3039 eius
2324 2999 2502 3053 pietate,
2531 2999 2609 3042 sed

538 3073 655 3128 quod
683 3072 887 3114 Alfredus
931 3074 1026 3127 ipse
1069 3073 1115 3126 a)
1158 3073 1285 3127 plura
1324 3070 1528 3126 Gregorii
1566 3072 1626 3112 M.
1659 3071 1871 3125 opuscula
1908 3070 2063 3112 fecerit
2112 3069 2316 3125 anglica;
2363 3071 2442 3114 sed
2491 3071 2609 3126 quod

536 3145 583 3199 b)
628 3145 886 3200 Plegmond.
933 3144 1124 3199 archiep.
1186 3147 1381 3186 cantuar.
1438 3143 1579 3185 eidem
1640 3147 1756 3184 esset
1807 3156 1836 3184 a
1884 3143 2102 3195 consiliis3
2167 3143 2285 3198 quod
2333 3142 2375 3198 c)
2421 3143 2607 3197 scholas,

537 3219 651 3259 inter
681 3230 790 3271 quas
820 3217 953 3259 etiam
982 3217 1258 3270 Oxoniensis,
1306 3216 1533 3258 instituere
1572 3216 1679 3257 fecit
1732 3229 1811 3270 per
1842 3215 2145 3258 Grimbaldum
2174 3216 2391 3269 abbatem,
2423 3228 2554 3271 quem
2582 3229 2608 3259 e

539 3289 692 3333 Galliis
735 3290 791 3330 ab
824 3291 1028 3344 episcopo
1058 3289 1279 3331 rhemensi
1314 3289 1546 3330 accersivit
1584 3292 1627 3330 et
1661 3288 1921 3343 acquisivit;
1954 3288 2070 3343 quod
2101 3288 2146 3343 d)
2180 3289 2246 3330 uti
2274 3287 2605 3331 fundamentum

538 3375 644 3404 suae
672 3362 998 3417 legumlationis
1028 3362 1176 3415 posuit
1196 3360 1456 3415 decalogum
1478 3374 1578 3402 cum
1597 3361 1849 3416 apostolicis
1881 3361 2288 3412 constitutionibus;
2319 3363 2364 3402 et
2392 3359 2436 3415 e)
2466 3362 2608 3414 „inter

539 3433 745 3475 stridores
775 3435 994 3485 lituorum,
1038 3434 1101 3474 ita
1144 3432 1454 3487 Malmesbury,
1494 3434 1611 3475 inter
1650 3432 1848 3475 fremitus
1889 3445 2110 3475 armorum
2148 3432 2270 3487 leges
2299 3432 2415 3486 tulit,
2447 3433 2606 3488 quibus

539 3508 609 3548 sui
624 3520 723 3548 cum
739 3507 887 3548 divino
907 3507 1044 3548 cultui
1058 3510 1151 3548 tum
1166 3505 1424 3560 disciplinae
1453 3506 1631 3547 militari
1662 3509 2017 3559 assuescerent„z
2047 3505 2151 3548 hinc
2169 3506 2275 3550 ibid.
2295 3520 2373 3562 pp.
2389 3504 2491 3552 236.
2509 3519 2605 3562 sqq.

539 3580 635 3621 eius
677 3580 910 3634 proverbia
953 3579 1008 3621 ob
1056 3578 1320 3620 christianae
1364 3578 1604 3633 sapientiae
1649 3578 1979 3632 plenitudinem,
2028 3591 2160 3633 quam
2187 3580 2368 3634 spirant,
2397 3579 2607 3620 memoria

540 3653 732 3695 omnium
762 3651 840 3693 sed
868 3651 1141 3706 potissimum
1171 3650 1344 3692 illorum
1375 3649 1643 3704 dignissima,
1675 3651 1751 3704 qui
1778 3650 1826 3692 in
1845 3650 2111 3692 sublimitate
2140 3654 2255 3692 sunt.
2277 3650 2432 3704 Neque
2462 3650 2605 3691 minus

540 3724 766 3778 praeclara
795 3737 848 3765 ea
878 3727 992 3776 sunt,
1025 3737 1137 3778 quae
1168 3723 1222 3765 de
1242 3721 1436 3763 Tiridate
1457 3723 1749 3764 armeniorum
1779 3735 1900 3777 rege,
1930 3735 2060 3777 quem
2082 3721 2319 3776 Gregorius
2338 3721 2606 3763 illuminator

541 3797 828 3849 regeneravit,
858 3797 1065 3850 leguntur
1092 3796 1210 3850 apud
1240 3809 1322 3838 em.
1352 3796 1445 3837 Mai
1476 3795 1646 3850 scriptt.
1677 3798 1780 3836 vett.
1803 3798 1836 3840 t.
1853 3793 1908 3837 X.
1929 3807 2010 3848 par
2043 3794 2102 3836 11.
2124 3807 2199 3848 pp.
2221 3791 2324 3838 289.
2345 3806 2413 3848 sq.
2432 3792 2520 3837 310
2538 3806 2602 3848 sq.

717 3866 753 3920 2)
783 3868 896 3909 Rom
935 3868 972 3911 Ι.
1016 3867 1085 3910 17.
1124 3863 1180 3908 ‘O
1211 3867 1266 3908 δέ
1304 3866 1485 3911 δίκαιος
1522 3867 1566 3908 ἐκ
1597 3865 1789 3910 πίστεως
1819 3861 2030 3919 ζήσεταιε
2059 3865 2242 3919 „Justus
2269 3869 2415 3908 autem
2445 3865 2605 3921 (qualis

545 3950 641 3981 esse
657 3931 843 3993 'quilibet
866 3939 1135 3984 credentium
1164 3939 1311 3995 debet)
1344 3953 1399 3984 ex
1428 3940 1514 3983 fide
1542 3941 1694 3995 vivia„
1718 3938 1830 3985 cou.
1860 3939 1987 3984 Rom.
2015 3938 2096 3983 ΠΙ.
2126 3937 2202 3988 22.
2232 3937 2330 3983 Gal.
2360 3938 2441 3983 111.
2476 3937 2547 3985 11.
