2716 4446
258 1167 376 1203 Petri
412 1175 547 1203 remu-

314 1219 492 1256 nerano.

1404 158 1806 215 —174-

562 320 754 372 Fuisse
793 335 959 388 porro
999 320 1214 372 Petrum
1256 322 1574 374 auctoritate
1611 325 1989 388 potestateque
2042 320 2283 372 omnibus
2337 320 2664 389 praelatum·

563 412 862 479 discipuliS,
902 419 1010 464 tum
1049 414 1379 479 praestitutis
1411 413 1525 482 jam
1565 412 1731 465 edixit
1767 409 2048 477 AsteriuS,
2099 419 2207 464 tum
2245 413 2387 466 illico
2426 429 2636 469 rursum
2699 427 2706 444 ⁸

561 511 747 572 utpote
785 521 898 557 rem
937 506 1220 573 capitalem
1258 506 1587 572 argumentis
1638 504 1930 558 confirmat.
2009 502 2252 557 Subdit1
2289 507 2426 558 enim
2469 509 2635 560 verba

561 598 758 649 Christi
798 598 941 666 apud
981 598 1313 650 Matthaeum
1352 598 1783 651 commentando:
1823 596 2048 666 „Statim
2089 599 2340 667 aperiens
2379 597 2634 668 (Petrus)

559 706 646 757 OS,
686 691 774 758 qui
813 692 990 743 vivum
1032 707 1422 758 accensumque
1461 690 1587 743 fidei
1621 694 1906 744 carbonem
1943 679 2133 744 animo
2157 692 2398 754 ferebat,
2438 707 2544 760 quo
2580 699 2637 747 et

557 783 705 852 prius
743 784 918 836 Isaiae
955 785 1099 836 labia
1134 784 1387 837 mundata
1425 784 1670 851 fuissent,
1711 787 1921 838 beatam
1949 785 2092 838 illam
2128 802 2193 839 ac
2233 787 2396 855 plane
2421 787 2635 855 perspi-

559 895 710 931 cuam
749 879 1032 947 praeclare
1071 878 1239 931 edidit
1283 880 1703 943 confessionem,
1755 877 1836 932 Tu
1884 895 1943 930 es
1997 877 2269 946 Christus,
2314 878 2485 932 Filius
2536 878 2636 931 Dei

557 972 682 1023 vivi.
746 971 1016 1035 Quaenam
1058 973 1175 1039 quis
1214 987 1315 1040 pro
1353 974 1539 1024 horum
1568 971 1828 1038 dignitate
1855 974 2144 1025 verborum
2169 971 2395 1025 idoneus
2422 972 2636 1024 maximi

559 1060 949 1131 Apostolorum
974 1065 1241 1132 interpres
1267 1064 1489 1116 effectus
1507 1063 1759 1117 demirari
1790 1066 1960 1133 possit
1978 1066 2040 1134 2„
2073 1065 2332 1118 Jamvero
2359 1079 2460 1133 pro
2485 1070 2636 1118 tanta

560 1156 900 1209 confessione
927 1153 949 1187 ²
988 1157 1181 1210 Petrus
1225 1158 1402 1225 „haud
1442 1159 1728 1210 indonatus
1766 1159 1896 1212 abiit
1934 1175 2000 1211 ac
2048 1159 2163 1211 sine
2193 1159 2462 1227 praemio:
2511 1158 2636 1226 quin

561 1251 736 1316 potius
776 1253 842 1303 ab
882 1265 948 1302 eo
987 1253 1177 1303 beatus
1212 1259 1547 1319 nuncupatus
1586 1253 1675 1318 qui
1715 1252 1906 1304 eximie
1943 1255 2133 1305 beatus
2171 1258 2275 1320 est,
2316 1251 2443 1304 fidei
2480 1258 2637 1320 petra

560 1341 889 1409 appellatur,
928 1342 1433 1410 fundamentumque
1478 1359 1542 1395 ac
1581 1344 1723 1395 basis
1763 1343 1862 1395 Dei
1905 1344 2184 1397 ecclcsiae.
2258 1343 2478 1418 Accipit
2502 1359 2635 1398 vero

558 1449 657 1500 per
689 1432 1096 1501 promissionem
1137 1436 1321 1487 claves
1361 1436 1517 1503 regni
1554 1435 1782 1502 ejusque
1814 1442 2090 1503 portarum
2115 1435 2348 1490 efficitur
2376 1438 2635 1504 dominae,

558 1533 614 1578 ut
652 1528 861 1594 aperiat
901 1528 1090 1594 quibus
1139 1529 1393 1594 voluerit,
1444 1530 1663 1581 claudat
1710 1543 1842 1581 vero
1893 1530 2084 1596 quibus
2130 1529 2258 1598 jure
2297 1529 2636 1584 claudendae

559 1621 688 1686 sint,
744 1620 903 1688 plane
955 1637 1088 1673 vero
1138 1623 1356 1690 pollutis
1397 1630 1452 1676 et
1503 1623 1744 1691 profanis
1784 1638 1850 1675 ac
1888 1639 2006 1675 eam
2057 1625 2378 1691 negantibus
2420 1623 2635 1678 confes-

556 1714 786 1781 sionem,
827 1713 981 1783 cujus
1018 1730 1152 1782 ergo
1189 1717 1306 1783 ipse
1345 1723 1592 1783 tanquam
1635 1717 1854 1769 sedulus
1897 1733 2207 1784 gnarusque
2244 1720 2506 1772 bonorum
2540 1733 2635 1772 ec-

558 1808 753 1860 clesiae
791 1815 972 1861 custos
1011 1811 1167 1877 regni
1203 1811 1355 1863 ostiis
1394 1812 1701 1879 praefectus
1738 1811 1883 1878 fuit„
1934 1810 2070 1863 Hinc
2094 1811 2426 1880 reprehensa
2451 1812 2655 1865 eorum*

555 1899 828 1967 impietate
889 1902 1283 1955 haereticorum
1325 1906 1413 1971 qui
1453 1922 1485 1956 a
1525 1906 1657 1957 tanti
1694 1902 1948 1972 Apostoli
1985 1904 2328 1957 confessione
2377 1904 2635 1958 recedere

557 1993 672 2045 ausi
708 2002 922 2060 essent,
961 1994 1031 2046 ad
1068 1995 1198 2048 illud
1237 1996 1386 2051 Petri
1431 2014 1616 2052 munus
1645 1996 1668 2032 ³
1707 2001 1880 2068 venit,
1920 2016 2025 2067 quo
2065 2017 2184 2054 eum
2208 2006 2333 2070 post
2355 2016 2635 2055 resurrec-

676 2219 691 2246 ¹
725 2217 836 2261 lbid.
869 2231 911 2275 p.
941 2221 1042 2262 277.
1075 2220 1126 2264 D.
1174 2217 1377 2274 ’Λνοίξας
1409 2220 1457 2265 τὸ
1491 2218 1639 2278 στόμα
1670 2222 1844 2276 ταχέως
1878 2218 2002 2278 ὁτὸν
2034 2217 2240 2281 ζώπυρον
2272 2222 2346 2265 ἐπὶ
2377 2228 2452 2280 τῆς
2482 2227 2638 2281 ψυχῆς

555 2292 705 2350 φέρων
735 2297 812 2347 τῆς
843 2296 1036 2343 πίστεως
1070 2290 1312 2354 ἄνθρακα,
1354 2285 1390 2352 ᾧ
1421 2297 1495 2338 καὶ
1525 2290 1714 2344 Ἠσαίας
1747 2294 1968 2354 πρότερον
2008 2291 2261 2354 ἐκαθάρθη
2289 2292 2347 2338 τὰ
2376 2296 2522 2352 χείλη,
2558 2293 2638 2352 τὴν

553 2367 781 2424 μακαρίαν
819 2364 980 2423 ἐκείνην
1020 2369 1094 2410 καὶ
1142 2373 1273 2425 σαφῆ
1310 2365 1498 2425 ἀληθεῖς
1540 2371 1667 2428 ῥῆσιν
1710 2364 2086 2425 καθωμολόγησε.
2146 2365 2215 2411 Σὺ
2254 2359 2298 2411 εἶ
2322 2365 2348 2412 ὁ
2375 2365 2580 2429 Χριστὸς
2609 2365 2638 2413 ὅ

559 2435 666 2486 Υἱὸς
704 2442 787 2481 τοῦ
822 2440 945 2483 θεοῦ
974 2437 1056 2483 τοῦ
1092 2441 1267 2491 ζῶντος.
1332 2444 1441 2485 Τίνα
1483 2438 1538 2486 ἄν
1578 2457 1646 2491 τις
1683 2439 1801 2502 πρὸς
1829 2438 1962 2494 οἷξίαν
1998 2445 2084 2485 τοῖν
2116 2438 2261 2502 λόγων
2300 2437 2471 2487 τούτων
2511 2443 2637 2486 θαυ-

554 2508 764 2568 μάσειεν,
798 2507 1064 2564 ἀξιόπιστος
1095 2511 1333 2574 γενόμενος
1366 2512 1578 2575 ἑρμηνεὺς
1609 2511 1688 2559 τοῦ
1718 2517 1934 2573 μεγίστου
1958 2516 2049 2558 τω’ν
2080 2510 2377 2565 cinomiam,-

672 2582 690 2610 2
722 2582 831 2627 lbid.
862 2597 908 2641 p.
938 2584 1038 2628 280.
1070 2585 1119 2628 D.
1169 2583 1261 2631 Οὐκ
1294 2583 1500 2642 ἄμισθος
1532 2583 1716 2645 ἀπῆλθε
1746 2583 1854 2630 οὐδὲ
1885 2583 2153 2646 ἀγέραστος·
2182 2582 2410 2646 μακάριος
2441 2586 2492 2630 δὲ
2523 2581 2634 2631 ὀνο-

554 2657 757 2712 μασθεὶς
789 2655 915 2717 παρὰ
946 2661 1030 2702 τοῦ
1057 2655 1195 2710 ὄντως
1234 2662 1487 2720 μακαρίου,
1530 2660 1674 2719 πέτρα
1711 2658 1908 2702 καλεῖται
1952 2663 2029 2715 τῆς
2070 2660 2264 2708 πίστεως
2302 2660 2377 2701 καὶ
2417 2658 2636 2716 θεμέλιος

556 2730 629 2771 καὶ
658 2727 915 2790 ύποβάθρα
945 2737 1020 2787 τῆς
1051 2730 1165 2775 κατὰ
1197 2732 1313 2776 θεὸν
1343 2731 1590 2788 ἐκκλησίας.
1652 2728 1887 2790 Λαμβάνει
1928 2730 1977 2774 δὲ
2009 2728 2086 2774 διὰ
2116 2728 2196 2786 τῆς
2235 2726 2530 2786 ὑποσχέσεως
2560 2737 2636 2786 τῆς

555 2800 785 2859 βασιλείας
815 2800 896 2852 τὰς
927 2803 1043 2853 κλεῖς
1073 2806 1148 2847 καὶ
1179 2802 1334 2863 κύριος
1366 2808 1534 2862 γίνεται
1572 2809 1659 2848 τοῖν
1689 2807 1852 2862 ἐκείνης
1883 2805 2057 2860 πυλών,
2102 2801 2219 2848 ὥστε
2259 2800 2402 2854 αὐτὰς
2443 2800 2636 2862 ἀνοίγειν

557 2872 624 2924 οἶς
657 2871 711 2917 ἄν
742 2874 911 2928 ἐθέλοι,
944 2878 1018 2920 καὶ
1049 2877 1204 2921 κλείειν
1235 2875 1304 2928 οἷς
1336 2875 1391 2922 ἄν
1415 2877 1589 2922 δίκαιον
1619 2869 1687 2934 ἧν,
1720 2875 1898 2928 πάντως
1923 2877 1972 2921 δὲ
1996 2883 2090 2927 τοῖς
2113 2876 2319 2937 βεβήλοις
2341 2878 2416 2920 καὶ
2440 2873 2635 2937 ἀνιέροις

556 2948 629 2990 καὶ
659 2953 753 2997 τοῖς
785 2944 1077 3008 ἀρνουμένοις
1108 2948 1186 3006 τὴν
1219 2946 1462 3008 ὁμολογίαν
1493 2950 1682 3007 ἐκείνην,
1716 2946 1773 2994 δι’
1802 2934 1858 3010 ἢν
1888 2948 2025 3001 αὐτὸς
2056 2947 2119 3000 οἷς
2150 2946 2339 3010 ἀκριβὴς
2371 2946 2456 2994 τοῖν
2485 2950 2634 3006 ἐκκλη-

558 3025 664 3064 σιῶν
697 3017 893 3079 οἷγαθιιῖν
925 3019 1074 3078 φύλαξ
1106 3022 1358 3068 ἐπιστατεῖν
1390 3029 1489 3073 ταῖς
1520 3022 1716 3074 εἰσόδοις
1746 3026 1824 3079 τῆς
1858 3012 2088 3082 βασιλείας
2119 3021 2310 3079 ἐτάχθη.

677 3093 695 3122 3
725 3093 837 3136 lbid.
868 3107 912 3150 p.
944 3095 1043 3138 281.
1074 3096 1221 3141 G-D,
1271 3094 1327 3155 γὉ
1355 3096 1437 3154 μὲν
1476 3089 1556 3140 οὖν
1595 3092 1754 3154 Σωτὴρ
1794 3090 1919 3152 ήμοῖν
1963 3090 2091 3150 ἦνίκα
2121 3093 2299 3151 ἔμελλεν
2343 3089 2542 3151 ἆγιοὲζειν
2570 3096 2638 3152 τῴ

558 3162 822 3227 αὐθαιρέτῳ
855 3164 1068 3226 θανάτῳ,
1102 3166 1257 3226 ὥσπερ
1291 3167 1390 3213 τινὰ
1420 3165 1697 3230 παραθήκην
1730 3167 1980 3227 ἐξαίρετον,
2025 3165 2104 3223 τὴν
2133 3164 2343 3211 καθόλου
2388 3168 2464 3210 καὶ
2485 3166 2634 3211 οἰκου-

556 3235 734 3294 μενικὴν
774 3237 1005 3294 ἐκκλησίαν
1050 3238 1192 3297 τούτῳ
1239 3246 1306 3299 τῷ
1345 3238 1477 3301 ἀνδρὶ
1497 3243 1850 3301 παρατίθεται,
1897 3242 2046 3300 τρίτον
2091 3236 2235 3284 αὐτοῦ
2267 3237 2534 3296 πυθόμενος
2563 3237 2616 3284 τὸ

557 3309 703 3358 Φιλεῖς
726 3325 805 3367 με,·
848 3309 921 3361 Ὡς
969 3311 1018 3355 δὲ
1059 3318 1158 3363 ταῖς
1203 3311 1446 3373 ἐρωτήσεσι
1485 3311 1609 3371 μάλα
1649 3310 1911 3374 προθύμως
1942 3314 2228 3372 ἰσαρίθμους
2267 3309 2348 3361 τὰς
2389 3308 2632 3373 ὁμολογίας

557 3381 809 3439 προέθετο,
842 3382 998 3442 ἔλαβεν
1027 3382 1104 3428 τὸν
1134 3382 1305 3443 κόσμον
1335 3386 1399 3435 εἰς
1429 3384 1704 3442 ἐπιμέλειαν,
1738 3381 1799 3435 ὦς
1830 3388 1938 3442 μίαν
1962 3381 2122 3442 ἀγέλην
2152 3382 2215 3434 εἷς
2234 3382 2402 3442 ποιμὴν
2431 3379 2632 3434 οἰκούσας

555 3450 701 3496 Βόσκε
742 3452 798 3496 τὰ
831 3450 963 3515 ἀρνία
1007 3471 1111 3514 μου·
1139 3460 1214 3501 καὶ
1247 3457 1412 3513 σχεδὸν
1458 3454 1567 3502 ἄνθ’
1600 3457 1764 3501 ἑαυτοῦ
1804 3455 1879 3502 τὸν
1920 3453 2188 3501 πιστότατον
2226 3454 2441 3514 μαθητὴν
2469 3455 2632 3500 ἔδωκεν

556 3520 581 3566 ὁ
609 3520 763 3584 κύριος
803 3530 897 3575 τοῖς
937 3526 1236 3587 προσηλύτοις
1276 3531 1475 3590 πατέρα,
1521 3531 1596 3573 καὶ
1639 3532 1802 3587 νομέα,
1847 3532 1923 3574 καὶ
1959 3526 2218 3586 παιδευτήν.
2280 3525 2452 3585 Ταύτης
2484 3531 2631 3574 τοίνυν

556 3591 754 3646 ἀκούσας
783 3601 863 3654 τῆς
894 3596 1069 3654 φωνῆς,
1111 3596 1193 3644 οὐκ
1231 3602 1278 3645 ἐν
1309 3603 1523 3661 ῥαθυμίᾳ
1563 3600 1638 3647 τὸν
1683 3602 1782 3662 βίον
1821 3603 1994 3659 ἔζησεν,
2033 3598 2142 3646 οὐδὲ
2179 3598 2384 3662 ἠγάπησε
2423 3598 2503 3657 τὴν
2540 3602 2629 3653 ἔξω

555 3667 767 3713 κινδύνων
798 3668 922 3726 ζωήν.
971 3670 1086 3716 ἀλλὰ
1113 3680 1266 3719 πᾶσαν
1295 3674 1375 3732 τὴν
1413 3676 1671 3733 οἰκουμένην
1701 3677 2000 3736 περινοστεῖν,
2037 3673 2116 3718 τὸν
2143 3671 2343 3735 Χριστὸν
2381 3677 2476 3722 τοῖς
2515 3687 2628 3729 ww-
2707 3665 2712 3669 ³

555 3738 795 3785 λώττουσιν
828 3739 1161 3802 ἅπεκάλυπτεν,
1202 3746 1306 3797 τούς
1347 3749 1429 3806 μὲν
1468 3749 1786 3807 πλανωμένους
1843 3746 2042 3805 ὁδηγῶν,
2085 3745 2190 3795 τοὺς
2212 3744 2287 3789 ,δὲ
2321 3745 2627 3802 γευσαμένους

556 3811 633 3867 τῆς
683 3810 909 3873 εὐσεβείας
957 3823 1051 3867 τοῖς
1096 3818 1291 3879 ἐχθροῖς
1335 3818 1620 3879 μαχόμενος,
1674 3819 1780 3870 τοὺς
1825 3821 2015 3868 οἰκείους
2066 3813 2364 3878 παρακαλεῖν,
2417 3816 2629 3877 διωγμῶν

558 3880 849 3943 ἆνὸχόμενος,
896 3889 1046 3949 φέρων
1077 3887 1322 3948 ἀχθηδόνα
1363 3891 1701 3954 δεσμωτηρίων,
1746 3887 2044 3951 πολυτρόπως
2084 3895 2168 3933 τοῦ
2201 3884 2464 3950 εὐαγγελίου
2511 3904 2626 3949 προ-

557 3956 829 4001 κινδυνεύων.
